2656 5136
175 666 244 733 156
399 680 620 733 carneuna
638 680 691 733 nr
709 680 993 735 encaeniatus

5 874 110 916 car-1·
169 850 202 924 si
218 861 375 946 exurgat
391 848 509 947 lepus,
532 849 656 923 emissi
678 872 789 924 canes
814 850 854 923 in
879 872 920 924 se
950 860 1082 925 mutuo
1105 863 1197 925 ruunt

0 1006 122 1063 ...pm
169 962 358 1060 lepusculo
387 962 579 1060 fugiente:
613 962 666 1037 ita
696 962 734 1036 in
769 963 917 1037 theatro
951 962 1198 1061 disputantium

5 1070 142 1128 'wilm
171 1075 297 1175 quide
315 1076 470 1149 victoria
483 1086 642 1163 certant,
655 1076 791 1149 veritas
803 1076 975 1172 neglecta
991 1076 1134 1175 effugit.
1162 1076 1199 1149 Et

170 1199 323 1286 propter
339 1189 436 1263 banc
453 1212 614 1279 causam,
633 1212 766 1285 nempe
794 1188 844 1262 ad
859 1188 1047 1265 tollendas
1068 1189 1199 1265 distiuo

171 1301 303 1390 tiones,
319 1327 342 1375 a
359 1302 447 1376 viris
463 1302 692 1399 sapientibus
708 1301 923 1376 introducta
938 1314 997 1377 est
1013 1302 1181 1399 dqinitio.

221 1415 322 1489 Bene
339 1429 464 1489 autem
483 1415 648 1506 definire,
665 1414 790 1506 idest,
815 1438 896 1489 rem
914 1414 1148 1491 subauditum
1160 1417 1201 1490 ita

169 1529 292 1603 verbis
326 1528 563 1626 undiquaque
597 1528 781 1619 claudere,
811 1528 926 1626 idque
958 1528 1152 1627 perspicue
1171 1543 1200 1603 et

172 1642 367 1738 (quantum
397 1642 479 1716 fieri
502 1642 641 1740 potest)
671 1642 845 1732 breviter,
862 1655 907 1716 ut
934 1642 1030 1717 nihil
1057 1642 1201 1739 ambigui

171 1756 413 1852 relinquatur,
437 1754 586 1829 difficile
602 1754 722 1843 valde,
738 1778 808 1828 nec
835 1767 912 1829 tarn
929 1755 1023 1831 artis
1041 1778 1149 1851 qnam
1159 1755 1202 1828 iu·

171 1869 339 1942 tellectus
356 1868 535 1942 naturalis
553 1891 645 1964 opus
661 1880 728 1941 est.
781 1866 856 1940 Sed
874 1866 1045 1941 levamur
1061 1868 1203 1942 maxima

170 1995 276 2079 parte
317 1981 543 2055 difficultatis
581 1981 691 2078 hujus
729 1980 913 2056 industria
944 1996 1203 2079 geometrarum

171 2096 431 2192 antiquorum:
468 2093 539 2167 nisi
573 2093 674 2190 qnod
706 2093 871 2168 Euclidis
905 2093 1078 2171 definitio
1112 2094 1203 2170 Haec

172 2209 401 2283 correctione
418 2207 553 2304 aliqua,
570 2221 634 2282 ant
652 2207 783 2281 saltem
799 2222 903 2282 recta
919 2207 1092 2306 indigeat
1107 2209 1205 2283 inter·

172 2321 390 2418 pretatione.
441 2320 579 2393 Verum
610 2319 759 2417 quidem
785 2333 854 2408 est,
879 2320 981 2417 quod
1006 2321 1047 2395 in
1074 2345 1205 2419 compa

173 2433 299 2507 randis
332 2433 625 2530 longitudinibus
654 2431 860 2506 latitudinis
893 2433 1036 2507 nullam
1072 2436 1204 2507 omnino
1235 2516 1241 2543 1

174 2549 355 2620 rationem
383 2546 590 2620 habendam
613 2570 716 2620 esse:
744 2547 781 2619 in
800 2549 1081 2623 constructione
1098 2563 1205 2623 tamen

174 2663 375 2758 figurarum
393 2661 550 2735 latitudo
569 2659 776 2735 necessaria
792 2674 861 2749 est,
879 2661 967 2757 quia
994 2662 1076 2736 sine
1098 2663 1206 2737 latitu-

175 2774 262 2848 dine
287 2775 444 2849 describi
472 2777 627 2871 figuram
654 2774 877 2870 impossibile
904 2784 973 2848 est.
1028 2776 1110 2850 Nec
1135 2777 1207 2851 sciri

174 2901 298 2984 potest
315 2890 354 2962 in
372 2888 469 2962 linea
485 2890 560 2962 lata
576 2890 675 2962 linea
699 2887 762 2961 illa
785 2887 977 2961 invisibilis
996 2891 1060 2963 ubi
1079 2891 1147 2965 loci
1161 2892 1207 2964 in-

175 3000 292 3101 telligi
318 3014 499 3101 oporteat.
552 3003 707 3077 Caeterae
742 3026 953 3098 quanquam
983 3027 1062 3078 non
1097 3028 1206 3079 omnes

174 3115 249 3189 sint
275 3117 529 3205 exactissimae,
554 3117 642 3212 quia
667 3130 790 3188 tamen
816 3139 914 3188 verae
940 3130 1029 3190 sunt
1056 3120 1205 3217 proposi-

174 3230 306 3320 tiones,
324 3231 656 3305 demonstrationes
674 3231 752 3324 ejus
771 3253 847 3301 non
864 3243 1122 3327 corrumpunt.

129 3346 136 3351 ’
224 3346 318 3419 Sunt
335 3358 459 3418 autem
479 3344 711 3417 definitiones
730 3342 887 3415 duorum
904 3366 1104 3438 generum:
1129 3369 1205 3442 qno

171 3482 255 3531 rum
284 3458 443 3532 alterum
474 3458 528 3531 rei
558 3472 729 3530 naturam
761 3455 860 3528 nude
884 3454 1038 3546 indicat,
1066 3459 1204 3532 alterum

172 3571 283 3643 etiam
312 3596 459 3645 causam
484 3572 561 3644 siue
586 3570 738 3645 modum
767 3569 1018 3664 generationis
1049 3573 1204 3671 explicat

172 3682 248 3754 Illae
273 3696 398 3755 autem
420 3683 655 3756 definitiones
679 3696 767 3755 sunt
790 3682 838 3755 ad
861 3683 1057 3758 scientiam
1075 3709 1205 3782 promo

172 3795 329 3868 vendam
346 3797 558 3885 utilissima,
578 3821 660 3894 quaa
684 3821 812 3869 causas
835 3795 979 3869 definiti
1007 3810 1046 3872 et
1071 3799 1204 3873 modum

172 3909 374 4005 generandi
392 3912 598 3984 continent.
650 3910 788 3982 Verum
809 3911 907 3981 enim
932 3921 989 3984 est
1011 3912 1204 3986 illudaris

174 4022 309 4112 tutelis,
335 4023 434 4095 scire
456 4034 513 4097 est
530 4049 607 4121 per
625 4048 776 4098 caucam
798 4024 908 4095 scire.
963 4025 1121 4100 Caeterae
1137 4046 1203 4122 quc

173 4134 403 4208 solummodo
443 4137 634 4210 declarant
674 4135 816 4209 definiti
856 4139 1067 4227 essentiam,
1101 4141 1202 4211 minus

171 4249 352 4322 foecundae
366 4249 443 4322 fere
454 4264 558 4323 sunt:
577 4251 669 4324 nibil
683 4250 782 4322 enim
796 4274 842 4322 ex
856 4250 927 4322 illis
942 4251 1110 4347 sequitur
1120 4246 1202 4348 quod

172 4389 246 4437 non
261 4376 372 4437 antea
384 4364 423 4435 in
435 4365 524 4459 ipsis
539 4365 816 4439 continebatur:
835 4386 955 4458 neque
970 4365 1086 4439 refert
1098 4380 1201 4438 utrum

172 4480 416 4575 proprietates
451 4479 598 4552 illarum
633 4476 865 4575 appellentur
899 4476 1144 4572 definitiones,
1166 4497 1201 4548 an

172 4593 404 4667 definitiones
415 4591 676 4692 proprietates
695 4592 945 4666 nominentur.
