2656 5136
595 664 745 718 INDEX.

104 811 137 862 sit
147 820 240 879 prater
250 830 307 864 suas
325 814 474 880 cupiditates
485 814 544 865 ritae
564 816 658 880 regula,

104 895 153 928 nou
170 879 318 944 intelligant
329 880 365 929 iii
377 886 407 929 37
414 890 480 930 :-et
496 880 527 929 ad
544 880 659 930 scientias

102 945 139 993 ita
149 961 177 993 se
188 945 287 1003 habent,
299 955 326 994 ut
336 944 408 1010 pueri
423 945 552 994 credentes
569 945 659 995 fratres

102 1025 161 1058 suos
173 1019 199 1058 et
209 1026 306 1058 sorores
323 1026 373 1058 uon
390 1020 469 1069 natos,
482 1010 527 1060 sed
543 1009 570 1059 in
584 1011 658 1060 horto

103 1086 215 1138 repertos
227 1091 288 1124 esse.
299 1074 335 1124 ιιι.
346 1081 386 1124 38.

100 1139 134 1187 de
145 1138 176 1188 iis
187 1138 262 1188 rebus
273 1155 377 1204 quarum
396 1139 500 1188 scientia
517 1147 585 1189 certa
603 1156 657 1189 esso

101 1212 191 1316 potest,
210 1204 277 1253 idem
299 1214 338 1254 est
359 1220 409 1253 non
426 1214 539 1253 accurate
552 1214 578 1254 et
597 1205 657 1254 false

112 1268 180 1332 oqui.
188 1268 220 1317 iv.
231 1269 415 1318 lto-scientiae
422 1269 590 1333 particulares,
597 1279 658 1334 quot

101 1342 167 1447 supp
178 1333 211 1382 iv.
221 1339 251 1384 27
258 1344 324 1384 :-et
334 1334 458 1398 quomodo
468 1332 657 1399 distinguenda.

101 1398 137 1446 ibi

101 1463 237 1527 quaerimus
255 1462 282 1512 in
299 1463 418 1522 scientiis,
432 1478 482 1512 non
498 1462 563 1527 qnid
576 1463 657 1513 facere

100 1543 239 1592 possumus,
251 1529 294 1577 sed
306 1528 366 1592 qnid
378 1544 462 1576 verum
473 1538 518 1577 est
530 1529 561 1577 iv.
574 1534 613 1578 66.

101 1592 190 1652 omnis,
199 1608 214 1641 a
224 1593 365 1658 cognitione
375 1608 504 1642 causarum
515 1593 655 1642 derivanda.

100 1656 134 1706 iv.
146 1663 186 1707 86.

100 1737 230 1771 causarum
241 1722 390 1772 naturalium
404 1722 506 1771 scientia
516 1723 547 1771 ab
558 1722 655 1771 Acade·

101 1786 152 1835 mia
163 1787 315 1836 Londinensi
332 1787 395 1835 nihii
406 1787 525 1835 hactenus
536 1797 655 1851 promota,

100 1851 149 1899 uisi
161 1851 228 1916 quod
239 1853 376 1900 machinam
385 1852 509 1900 invenerit
518 1868 566 1916 qua
574 1860 656 1900 motus

101 1915 166 1964 aeris
183 1916 287 1966 excitari
303 1916 455 1981 possiumus,
467 1926 495 1965 ut
506 1915 539 1980 hy
574 1916 656 1965 theses

102 1980 240 2030 Hobbiauae
255 1981 314 2030 hinc
325 1981 460 2030 reddantur
470 1981 547 2045 proba
564 1981 655 2030 iliores.

100 2044 133 2092 iv.
140 2051 187 2095 27³
194 2062 318 2095 :-eorum
328 2046 371 2110 qui
379 2045 494 2094 scientias
500 2046 656 2158 profitentur,

100 2109 243 2174 paucissimi
251 2120 310 2159 sunt
320 2111 364 2175 qui
375 2111 491 2159 veritates
518 2110 614 2159 iffieiles
625 2109 656 2159 ab

71 2204 73 2208 -
101 2174 157 2223 aliis
167 2191 241 2240 quam
252 2192 267 2224 a
277 2192 304 2224 se
314 2175 427 2225 maeatas
442 2190 492 2223 non
505 2175 612 2224 doleant.
623 2175 655 2224 iv.

100 2303 259 2354 scientiarum
281 2304 392 2355 omnium
411 2304 534 2354 certitudo
553 2304 656 2370 aequalis

100 2377 145 2418 est.
157 2369 191 2418 iv.
203 2376 260 2419 390.

100 2434 211 2483 scientim
230 2433 349 2498 augendae
361 2450 437 2482 unum
447 2442 473 2483 ct
484 2450 601 2498 magnum
613 2433 652 2483 ad·

96 2500 247 2562 jumentum,
258 2499 326 2564 qnid.
337 2515 359 2548 v.
370 2505 399 2548 91
408 2499 473 2548 ι-ιιι
485 2499 621 2563 geometria
630 2507 657 2548 et

99 2562 294 2677 physiffiomnis
305 2563 408 2618 scientia
415 2564 535 2613 naturalis
544 2564 655 2614 contine·

100 2639 169 2678 tuat
187 2645 195 2677 ι
213 2665 220 2678 .
305 2638 310 2647 “

68 2693 263 2758 Sero-quando
276 2693 390 2742 effectum
400 2693 507 2758 aliquem
519 2693 583 2743 scire
593 2693 655 2743 dici·

65 2788 68 2793 =
99 2774 164 2808 mur.
178 2757 195 2806 i.
211 2765 402 2808 592-assensus
421 2774 494 2834 quem
516 2759 655 2823 praebemus

98 2826 157 2871 acue
176 2822 275 2882 dicitur,
298 2823 655 2888 quaudo.i1.418:-quando

98 2891 197 2950 opinari.
208 2888 267 2937 ibid.

98 2955 157 3000 scire
167 2968 217 3000 non
228 2952 332 3028 suscipit
342 2956 412 3014 nupia
422 2962 448 3001 et
459 2957 538 3002 minu.
549 2953 583 3002 iv.
593 2959 653 3002 390:

98 3033 218 3066 -rerum
239 3026 278 3067 est
293 3017 355 3066 iilud
373 3017 524 3076 Aristotelis,
549 3021 606 3065 scire
622 3027 655 3065 eat

94 3100 139 3144 per
159 3100 242 3130 eoam
259 3086 322 3131 scire.
334 3099 356 3132 v.
371 3089 415 3131 156
422 3098 506 3147 :-pro
525 3082 654 3147 principiis

98 3146 194 3196 sciendi
211 3147 331 3196 habendae
342 3156 400 3196 sunt
411 3147 590 3211 propositiones
601 3163 654 3195 om-

98 3227 144 3260 nes
155 3227 259 3276 quarum
271 3212 360 3260 veritas
374 3211 468 3260 lumine
479 3212 583 3260 naturali
595 3228 654 3260 con·

98 3276 185 3351 spioua
204 3287 249 3326 est
262 3293 283 3325 r.
297 3282 460 3328 1572-nem0
481 3277 545 3325 scire
564 3288 654 3342 potest,

97 3341 148 3389 msi
159 3357 215 3405 quas
226 3341 355 3391 invenerit
367 3357 389 3390 v.
403 3348 455 3390 158.

66 3405 325 3471 Semo-imperator
341 3416 427 3455 contra
443 3406 566 3456 Caesarem
578 3421 593 3454 a
604 3406 654 3455 Ro-

98 3471 179 3519 manis
187 3471 287 3530 eiectus,
299 3480 400 3536 propter
411 3470 484 3535 quod.
495 3469 531 3518 iii.
543 3476 581 3519 88.

65 3535 654 3610 Semanous-pneumaticum,qualemn-2

97 3616 172 3664 qnam
194 3615 293 3649 oausam
316 3600 390 3649 habet
412 3600 448 3648 vis
470 3600 513 3647 illa
530 3615 579 3664 qna
596 3599 655 3664 piiae

96 3664 220 3730 plumbeae
238 3681 252 3714 c
267 3663 518 3729 sclopetisventaneis
536 3663 654 3713 emittun-

97 3740 148 3779 tur.
158 3729 189 3778 ir.
199 3736 248 3780 260
253 3729 423 3778 :-eorundem
429 3729 571 3793 descriptio.
576 3728 636 3778 ibid.

66 3836 70 3842 .
97 3811 154 3860 quae
172 3809 246 3844 causa
263 3810 317 3843 esse
329 3795 410 3853 debet,
425 3794 561 3869 sclopetum
573 3794 652 3858 magis

68 3899 71 3902 .
96 3859 210 3908 minusve
227 3861 297 3924 justo
318 3868 569 3924 oneratum‚s1gnum
588 3874 649 3908 nun·

97 3940 172 3990 quam
183 3925 265 3973 ferire.
277 3925 308 3973 iv.
320 3931 374 3974 ³55.

65 3989 231 4039 Senium-et
240 3988 365 4038 l'harasaei
376 3989 456 4053 legem
463 4004 537 4053 quam
544 3988 653 4036 maxime

97 4054 268 4112 observabant,
276 4070 353 4118 quare
362 4065 443 4103 tamen
452 4052 546 4120 injusti.
555 4052 580 4102 ii
590 4059 637 4102 208
646 4073 652 4102 ε

96 4135 205 4232 -spuper
223 4119 366 4168 cathedram
383 4119 480 4186 Moysis
491 4118 614 4168 sederunt
626 4117 651 4167 ιι.

96 4191 127 4234 28
146 4184 201 4234 ,tii
213 4190 268 4233 ⁴14.

65 4247 409 4313 Summas-Scripturas
439 4247 529 4309 Sacrae,
553 4248 652 4313 qualem

68 4353 71 4356 ,
95 4329 163 4363 nunc
174 4313 300 4371 habemus,
311 4313 420 4378 receptio
430 4313 528 4378 publica
539 4312 653 4363 Concilio

96 4378 244 4428 Laodicensi
256 4378 419 4427 attribuenda
432 4377 467 4426 iii.
477 4383 653 4442 titz—quaes·

96 4444 140 4502 tio,
150 4446 190 4507 qai
206 4448 286 4492 scimus
301 4446 434 4506 scripuras
443 4460 489 4490 aaa
498 4447 587 4491 maara
599 4445 653 4498 Dei.

95 4509 164 4558 unde
174 4508 343 4559 difficultatem
355 4508 435 4558 habet
447 4507 482 4556 iii.
492 4513 551 4558 277:
603 4507 653 4556 uod

94 4575 166 4624 Deus
187 4573 241 4638 ipso
262 4590 346 4623 earum
369 4572 459 4621 author
482 4573 522 4633 sit,
547 4589 562 4621 c
608 4580 655 4621 unt

94 4654 188 4690 omnea
208 4637 446 4704 ibim-questioni
465 4636 503 4685 illi
524 4636 654 4701 responsio

94 4703 243 4756 aniversalis
262 4702 317 4752 dari
338 4718 389 4754 non
404 4710 494 4769 potest
509 4702 546 4753 iii.
558 4707 653 4754 ate:-

166 4811 259 4862 VOL.
281 4811 319 4861 V.

1157 645 1267 716 cxxix

710 813 862 879 quoeationia,
870 833 916 878 qua
924 817 1063 864 authoritate
1072 817 1265 880 Scriptura-astant

709 884 771 942 lepos,
783 895 855 929 verus
866 888 952 930 status.
963 879 1024 930 ibid.

710 944 845 1009 Scriptura·
856 953 977 1010 quatenus
988 960 1039 994 non
1048 944 1167 994 diffemm
1176 962 1191 995 a
1201 945 1264 1010 legi·

709 1009 755 1058 bus
763 1019 866 1068 naturae‚
872 1009 1046 1059 authoritatem
1052 1009 1144 1059 habent
1149 1011 1264 1060 omnibus

708 1074 804 1123 ratione
815 1074 933 1139 praeditis
943 1074 977 1124 iii.
989 1080 1035 1125 278
1042 1075 1103 1124 :-—si
1112 1075 1179 1140 leges
1186 1091 1201 1124 a
1208 1076 1263 1125 Deo

709 1139 780 1188 factm
791 1138 849 1198 sint,
865 1139 916 1188 illis
926 1139 1001 1188 etiam
1012 1139 1102 1204 quibua
1114 1141 1183 1188 Deus
1196 1140 1263 1205 ipsas

708 1204 879 1268 promulgavit
894 1204 953 1253 ibid
960 1204 1090 1268 :-quibus
1106 1205 1176 1253 Deus
1197 1204 1264 1269 ipsas

708 1283 759 1317 non
769 1268 942 1333 promulgavit,
953 1268 1127 1318 authoritatem
1143 1269 1237 1319 habent
1248 1286 1264 1319 a

708 1349 804 1382 summo
814 1333 958 1398 imperante.
969 1332 1030 1382 ibid

708 1398 812 1462 quaestio
830 1399 861 1447 de
877 1414 962 1447 earum
978 1396 1134 1458 authoritate,
1145 1397 1177 1446 ad
1188 1414 1264 1463 quam

707 1463 842 1512 reducitur.
852 1463 888 1513 ιιι.
899 1468 954 1514 279.

707 1527 774 1591 quod
784 1527 853 1577 iocus
863 1527 891 1576 iu
899 1543 948 1603 quo
956 1526 1028 1576 electi
1034 1536 1091 1592 post
1101 1526 1263 1576 resurrectio·

707 1608 764 1640 nem
776 1592 910 1642 habitaturi
918 1592 975 1652 sint,
983 1593 1016 1641 sit
1023 1592 1120 1651 coelnm,
1127 1592 1262 1657 Scripturas

707 1656 790 1706 Sacrte
801 1666 871 1706 textu
882 1656 951 1705 nulio
966 1657 1133 1706 confirmatur.
1144 1657 1180 1705 ιιι
1192 1662 1247 1705 328.

707 1722 777 1770 Deus
787 1721 898 1786 loquitur
908 1721 982 1770 hodie
991 1721 1018 1770 in
1030 1721 1164 1786 Scripturis
1173 1720 1262 1771 Sacris

706 1786 742 1834 iii.
754 1792 801 1835 348
807 1787 982 1851 :—Scriptnrae
1000 1794 1058 1836 sunt
1073 1786 1153 1834 instar
1172 1785 1264 1836 montis

708 1849 785 1909 Sinai,
795 1851 821 1899 in
833 1867 882 1915 quo
898 1850 997 1900 termini
1008 1859 1066 1900 sunt
1076 1850 1159 1915 positi.
1169 1850 1229 1900 ibid.

706 1931 791 1964 earum
801 1915 853 1964 inte
883 1916 972 1965 retatio
985 1914 1150 1980 permittenda
1160 1931 1263 1981 quomo-

706 1980 739 2028 do
750 1990 776 2029 et
786 1996 859 2044 quam
880 1980 911 2029 ἰι
923 1980 957 2030 ιιι.
970 1985 1024 2031 377.

707 2043 840 2110 objectioni
860 2044 926 2109 quod
946 2045 1075 2110 Scriptura
1095 2044 1127 2093 de
1147 2051 1215 2094 terra
1233 2052 1262 2096 nt

706 2108 828 2158 immobili
850 2109 972 2174 loquatur,
991 2109 1125 2170 responsio.
1136 2109 1172 2160 iii.
1185 2117 1261 2160 64:-

706 2173 804 2250 phrasis
814 2174 900 2223 eadem
912 2190 961 2223 non
973 2174 1064 2238 ubique
1076 2173 1261 2239 Scripturamm

706 2237 773 2287 idem
792 2238 923 2314 significat.
935 2238 1067 2288 ibid.:-in
1086 2254 1160 2288 sensu
1175 2239 1262 2288 verbo·

706 2319 762 2351 rum
774 2302 855 2369 rigido
866 2319 917 2353 uon
927 2313 985 2353 sunt
996 2319 1093 2369 semper
1103 2304 1262 2369 accipiendae.

706 2367 742 2418 ιιι.
754 2374 793 2418 65.

708 2432 836 2508 Scriptura
856 2441 894 2483 est
908 2433 957 2483 Dei
974 2433 1001 2482 in
1017 2431 1101 2482 omnia
1115 2432 1262 2499 imperantis

707 2507 792 2547 oratio.
806 2498 832 2548 ii
847 2504 899 2548 198.

707 2562 836 2627 Scriptura
846 2563 928 2628 aliqua
937 2562 1034 2612 duobus
1044 2562 1124 2612 modis
1138 2564 1262 2617 Comatam

706 2626 741 2677 iii.
753 2633 799 2679 317
807 2627 923 2677 :-Decal
975 2644 994 2687 s,
1008 2644 1066 2694 para
1077 2627 1262 2693 Scripturarum

706 2709 762 2757 quae
785 2693 865 2757 prima
886 2693 926 2741 lex
965 2692 1261 2758 ctaestibid.:-Scrip·

706 2766 769 2807 turae
786 2757 938 2806 canonizatio
955 2757 1075 2822 pertinuit
1089 2757 1120 2806 ad
1137 2773 1261 2807 summum

705 2821 866 2886 imperantem
888 2822 1106 2881 civilemiitate,
1128 2828 1184 2881 380,
1205 2828 1261 2882 381,

706 2887 867 2951 ⁴032-ieges
874 2886 1013 2952 judiciales,
1023 2886 1089 2935 item.
1100 2886 1159 2936 ibid.
1166 2888 1261 2936 :-I.ex

706 2951 824 3010 Ievitica,
836 2953 903 3001 item.
915 2951 974 3000 ibid.
980 2951 1171 3000 :—Testnmenti
1183 2953 1262 3001 Vete-

705 3016 740 3064 ris
751 3016 879 3081 Scriptura
889 3032 962 3080 quam
972 3015 1091 3064 habemus
1098 3015 1179 3074 hodie,
1187 3033 1262 3066 cano·

705 3081 761 3130 nica
771 3081 869 3131 Judaeis
880 3081 944 3129 facta
954 3091 993 3129 est
1004 3080 1108 3145 quaudo.
1120 3079 1155 3129 iii
1167 3087 1215 3131 380
1221 3101 1261 3130 :-

704 3162 823 3195 convcrsa
841 3162 856 3194 a
877 3149 1024 3208 Septaoqiata
1043 3148 1178 3202 seneritas,
1189 3154 1215 3195 et
1234 3146 1261 3195 in

706 3210 855 3260 bibliotheca
861 3209 1154 3274 Alexandrinamposita.
1162 3210 1196 3259 iii.
1204 3217 1259 3260 881.

706 3275 859 3324 Testamenti
880 3274 946 3323 Novi
966 3274 1093 3338 Scriptura
1114 3284 1171 3323 ante
1193 3275 1261 3325 Con·

706 3340 841 3388 stantinum
859 3340 979 3403 Magnum
998 3339 1091 3386 nemini
1109 3339 1190 3414 potuit
1206 3356 1260 3389 esse

705 3403 754 3452 lex.
766 3405 803 3453 iii.
815 3411 860 3454 381
871 3403 1028 3468 :-—quamdiu
1039 3403 1164 3468 principes
1175 3404 1260 3453 obser·

705 3469 828 3519 rationem
848 3470 902 3534 ejus
925 3484 973 3516 non
985 3468 1145 3532 imperarunt,
1157 3468 1197 3516 lex
1210 3485 1261 3518 non

706 3544 767 3593 erat,
786 3534 830 3583 sed
849 3533 979 3583 consilium
993 3542 1082 3582 tutum.
1092 3532 1128 3581 iii.
1137 3539 1192 3591 382,
1204 3539 1261 3594 385,

706 3605 837 3648 war-est
853 3598 893 3646 lex
912 3597 948 3646 ibi
966 3605 1061 3645 tantum
1077 3597 1121 3646 uhi
1137 3613 1260 3648 asumma

705 3673 826 3729 pousute
846 3662 882 3711 its
893 3663 956 3710 tacu
967 3671 1011 3711 est
1022 3661 1058 3710 iii.
1069 3668 1125 3721 aaa,
1136 3668 1192 3716 38⁵.
1203 3668 1260 3714 436.

706 3738 764 3787 tota,
776 3738 815 3777 est
824 3728 967 3776 mamaea·
975 3726 1001 3774 in
1013 3742 1062 3790 qua
1073 3727 1221 3791 acceptione.
1233 3727 1260 3778 ii.

704 3799 751 3843 ³92
762 3792 909 3842 :—muima
919 3793 973 3856 ejus
983 3807 1047 3855 pars,
1059 3791 1084 3839 in
1093 3808 1148 3855 qua
1157 3791 1216 3841 ibid
1222 3812 1260 3841 :-

703 3857 730 3907 in
741 3874 771 3906 ea
781 3858 859 3907 muita
868 3856 960 3913 insunt,
968 3871 1023 3920 quae
1032 3872 1081 3905 non
1092 3865 1195 3920 possunt
1206 3871 1260 3905 csse

703 3939 781 3972 canon
803 3921 977 4035 rplysteriorum
999 3920 1128 3986 religionis
1150 3921 1259 3971 Christi·

703 4004 764 4037 anua
775 3987 811 4036 ibi
829 4024 835 4036 .

703 4052 843 4118 Scripturas
849 4049 1028 4126 interpretandi
1034 4049 1167 4098 auctoritas
1173 4050 1259 4099 eadem

703 4127 741 4167 eat
750 4134 805 4182 quae
816 4114 996 4165 determinandi
1008 4113 1066 4163 fidei
1072 4115 1260 4165 controversias.

703 4182 731 4231 ii.
738 4189 786 4232 393
792 4196 913 4231 :·-earum
921 4179 1043 4243 interpres
1051 4179 1190 4237 canonicus,
1199 4196 1260 4243 qua·

704 4247 735 4296 lis
753 4247 827 4296 debet
844 4261 905 4294 esse.
917 4244 943 4293 ii
955 4250 1011 4300 394,
1022 4250 1200 4292 tom—earum
1220 4243 1259 4292 in·

703 4311 848 4387 terpretatio
863 4308 985 4374 dependet
996 4308 1027 4356 ab
1038 4306 1187 4357 authoritate
1198 4308 1260 4357 civi-

704 4386 768 4427 taus
780 4377 806 4425 ii.
818 4381 865 4423 409
875 4388 964 4423 x-non
976 4372 1007 4422 ab
1026 4371 1129 4421 arbitrio
1148 4373 1259 4438 singulo·

703 4458 768 4500 rum,
779 4456 862 4505 quare.
873 4437 934 4487 ibid.

704 4522 748 4572 per
768 4505 902 4570 Scriptura
915 4501 1143 4565 interpretationem
1154 4517 1204 4550 non
1215 4517 1259 4550 ne·

704 4587 772 4621 cesae
790 4579 829 4619 est
839 4579 868 4617 ut
877 4566 965 4616 civitas
983 4565 1132 4615 determinet
1143 4567 1261 4629 quaestio·

704 4652 748 4685 nes
759 4635 826 4685 circa
836 4632 963 4682 scientiam
973 4629 1113 4679 humanam.
1124 4629 1150 4680 ii.
1160 4636 1216 4680 413.

704 4717 758 4751 eam
768 4696 950 4764 interpretandi
959 4694 1181 4762 privilegiumque
1190 4712 1261 4761 spec·

1151 4799 1172 4842 ‘i
