2656 5136
129 649 202 715 326
389 662 443 716 ns
470 664 750 720 nrnssrursus
779 666 912 719 nsccr.

127 826 174 892 Et
187 826 302 892 tellure
317 826 429 905 latens,
445 828 604 914 duplicem
613 830 775 914 jaculatur
789 831 823 896 in
834 834 955 910 orbem,

127 926 152 991 J
155 949 235 1003 ussa,
251 949 345 991 suum
358 926 485 993 laticem
500 950 558 1014 per
571 928 658 993 mille
672 928 827 995 foramina
840 953 944 1007 coeea3

127 1023 174 1089 Et
188 1025 352 1110 scopulum
367 1024 532 1111 complexa
545 1025 711 1092 tenacibus
728 1028 870 1113 undique
885 1028 1002 1106 venis¹,

127 1124 153 1189 J
154 1147 227 1188 ussa
240 1124 334 1210 sugat
347 1124 443 1190 misso
456 1127 630 1191 subeuntes
643 1125 779 1213 desuper
792 1128 902 1194 imbre.

130 1223 218 1288 Hine
233 1234 344 1289 avecta
358 1233 445 1290 creat
459 1225 627 1291 sublimem
641 1248 797 1293 marmore
811 1227 945 1305 fontem,

130 1323 245 1407 Atque
259 1324 401 1410 ingressa
414 1324 544 1389 domum
559 1347 686 1412 promos
699 1349 852 1392 conserva
865 1350 1027 1414 cooosque

130 1422 298 1507 Adjuvat3
322 1423 356 1488 in
370 1423 482 1489 mediis
496 1424 663 1510 surgitque
678 1425 856 1511 penatibus,
872 1426 938 1492 alto

130 1523 287 1589 Infudens
301 1522 435 1588 nitidam
449 1522 595 1589 manibus
609 1523 649 1589 de
663 1546 819 1590 marmore
832 1525 1011 1612 lympham.

63 1625 106 1688 30
130 1623 178 1688 Et
191 1622 337 1707 quamvis
351 1621 473 1688 tubulis
487 1629 614 1688 tantum
629 1621 739 1687 effluat
752 1622 808 1688 illu
822 1623 999 1707 quaternis,

131 1723 167 1788 N
168 1746 209 1789 on
224 1733 290 1787 tam
306 1720 457 1789 Calliroe²
470 1720 603 1808 pulchre
616 1721 690 1787 fluit
703 1721 924 1789 Enneacrune.

131 1823 265 1908 Rejeeto
280 1822 410 1908 paulum
424 1820 533 1898 fluvio,
548 1842 616 1886 sese
630 1820 749 1906 ingerit
763 1821 848 1886 horti

132 1922 286 2008 Angelus
300 1920 441 1997 alterius,
456 1929 543 1985 tecta
555 1919 621 1986 alta
633 1942 653 1984 a
666 1919 773 1986 fronte
787 1920 936 1987 videntis.

131 2021 297 2107 Disposita
310 2019 362 2085 hie
375 2019 504 2106 gemino
518 2017 678 2101 collucent
691 2019 802 2085 ordine
817 2020 968 2108 stagna&

131 2121 321 2187 Immersum
335 2118 481 2185 tremulis
495 2116 589 2183 undis
603 2117 781 2202 quatientia
794 2120 903 2195 solem,

134 2219 234 2302 Queis
248 2242 364 2305 magno
379 2240 512 2284 numero
526 2217 600 2283 salit
613 2227 647 2283 et
661 2218 797 2284 lascivus
810 2219 930 2284 inerrat

132 2319 166 2383 N
168 2343 209 2385 on
224 2319 387 2384 intellecto
402 2317 570 2384 conclusus
583 2339 708 2384 carcere
723 2319 826 2405 piscis

132 2419 238 2501 Quam
248 2421 352 2504 juvat,
368 2417 429 2495 hie,
445 2417 571 2502 quoties
584 2417 736 2504 piscatrix
751 2418 885 2483 eandida
905 2419 1053 2504 praedam

135 2519 255 2604 Abjieit
269 2518 417 2594 illectam,
432 2539 552 2581 morem
566 2519 733 2582 observare
748 2518 862 2603 puellis

65 2631 109 2690 40
133 2618 296 2693 Innatum,
312 2627 439 2702 captare
453 2616 547 2692 viros,
563 2627 596 2681 et
611 2639 757 2702 spernere
773 2615 900 2701 captos!

135 2717 241 2799 Quam
256 2716 335 2780 libet
349 2716 383 2778 in
399 2715 510 2780 mediis
525 2715 631 2779 mirari
646 2715 806 2792 fluctibus,
824 2716 889 2779 alto

135 2819 262 2904 Aggere
277 2835 444 2899 suspensos
459 2814 581 2879 hortosl
603 2838 676 2898 quae
693 2815 817 2880 Cessare
833 2814 932 2878 moles

133 2916 244 3003 Digna
260 2913 462 2981 Cavendisia⁴
479 2924 565 2978 certe
580 2926 629 2978 est
645 2914 677 2977 in
693 2926 790 3000 gente
807 2914 960 3000 pusillum

134 3015 397 3098 Foemineumque
412 3036 499 3099 opus.
546 3014 594 3077 At
609 3024 707 3097 quota
722 3037 794 3099 pars
809 3037 846 3078 ea
860 3013 963 3077 laudis
979 3014 1090 3083 Elizae

137 3113 310 3202 Sulopicae?
325 3136 398 3198 quse
413 3113 515 3178 multa
529 3122 563 3178 et
577 3136 693 3198 magna
706 3114 824 3200 palatia
839 3113 976 3188 struxit3

134 3215 270 3300 Magnas
284 3214 421 3290 divitias,
437 3235 649 3300 magnamque
664 3214 843 3297 bonamque
858 3214 985 3298 paravit

133 3314 163 3379 F
164 3339 283 3391 amam3
308 3338 380 3398 quae
396 3335 527 3400 magnos
542 3313 602 3379 sibi
617 3313 798 3378 conciliavit
812 3314 938 3388 amicos

135 3414 335 3498 Ornavitque
350 3412 505 3487 humiles3
530 3411 674 3488 multam,
691 3435 902 3498 magnamque
921 3413 1061 3497 reliquit

135 3514 272 3590 Prolem,
289 3536 353 3597 qua
367 3513 454 3598 regio
469 3512 533 3577 late
548 3534 750 3595 nuncusque
765 3514 886 3577 beatur.

68 3627 110 3686 50
136 3614 242 3696 Quam
257 3614 348 3678 dulce
364 3622 423 3689 est,
438 3612 522 3676 inter
535 3610 719 3695 circumque
734 3612 870 3676 nitentia
884 3621 1008 3696 stagna,

135 3711 337 3777 Instemente
352 3710 420 3774 vias
434 3710 545 3774 aestiva
559 3733 683 3795 semper
697 3732 801 3785 arena,

133 3810 335 3896 Discipulum
350 3822 468 3874 memet
482 3818 605 3872 naturae
621 3808 744 3873 tradere
758 3832 882 3884 rerurn3

135 3911 208 3976 Aut
223 3909 350 3975 domino
361 3908 519 3994 ‘exiguum
535 3907 680 3972 meditari
696 3908 833 3972 carmine
849 3909 990 3984 munus,5

133 4010 181 4075 Et
194 4010 332 4074 multum
347 4008 451 4072 Musis
465 4007 641 4073 describere
656 4030 730 4071 rura
744 4007 872 4093 rogatis.

135 4108 356 4175 Commodiore
371 4107 440 4172 loco
455 4131 519 4171 non
533 4130 667 4191 usquam
683 4106 835 4184 habitare,
852 4130 910 4171 nec
926 4130 1065 4191 usquam

168 4351 176 4378 ¹
191 4349 305 4403 Tabulis
317 4348 453 4417 plumbeis.
709 4354 716 4379 ⁴
731 4349 846 4400 Comites
855 4350 989 4414 Devorer,
1002 4351 1190 4422 Novi-Castu,

169 4433 262 4484 'Fons
274 4430 382 4483 Athenis
400 4448 471 4484 sacer
490 4448 580 4483 novem
600 4431 635 4484 el.
674 4430 835 4499 liingstonu‚
849 4441 953 4500 nepotes
966 4434 1120 4493 Comitissae
1140 4443 1190 4496 sa.

136 4515 220 4567 fluens
233 4513 334 4566 fistulis.
672 4514 803 4581 lopiensis.

170 4597 177 4623 ¹
192 4598 309 4650 Piscinae.
706 4597 713 4621 ³
730 4595 753 4647 Η
758 4615 786 4648 oe
800 4598 895 4666 ipsum.
