2656 5136
65 652 136 719 ³54
487 666 689 720 nrsroarr

64 830 215 918 AEgypto
229 831 373 897 nondum
386 841 551 920 prognata.
597 832 685 898 Nam
699 833 828 919 pietatis

110 931 293 997 Mercedem
307 931 390 997 bano
403 930 467 997 illis
481 955 656 1019 apposuere
671 932 739 999 Dii.

64 1029 152 1096 Nam
168 1031 306 1115 quantis,
321 1030 512 1116 quotiesque
525 1032 602 1098 deos
615 1033 720 1119 epulis
732 1054 888 1110 meruere,

108 1130 227 1197 Essent
242 1141 280 1196 ut
293 1130 410 1216 placidi
424 1131 668 1218 submadidique
682 1131 753 1210 sibi,

65 1230 254 1315 Neptunum
267 1229 433 1316 imprimis,
448 1229 477 1296 si
489 1230 539 1297 vis
552 1252 754 1318 cognoscere:
770 1230 873 1308 testis,

108 1329 144 1393 N
145 1340 217 1395 atus
231 1329 265 1394 in
279 1328 440 1416 AEgypto,
454 1340 561 1397 oertus
576 1330 738 1397 Homerus
752 1331 823 1396 erit

66 1427 189 1496 Gratus
203 1432 244 1495 ob
259 1429 337 1507 lraec,
353 1429 465 1495 limum
479 1429 623 1496 delatum
637 1430 768 1496 flumine
783 1430 864 1495 Nilo

109 1526 285 1613 Neptunus
299 1526 377 1614 ripis
391 1527 514 1593 addidit
527 1527 740 1614 AEthiopum3
1061 1536 1127 1595 180

65 1625 225 1693 Firmavit
240 1626 404 1704 Pboebus3
426 1626 588 1712 missoque
602 1650 623 1692 a
636 1627 799 1693 montibus
813 1624 897 1704 altis,

110 1724 228 1812 Ignoto
242 1725 344 1803 nobis,
359 1725 493 1813 Jupiter
505 1726 608 1793 imbre
621 1726 715 1814 rigat

66 1823 155 1889 Nam
169 1847 303 1912 surgens
317 1824 353 1889 N
353 1823 518 1903 ilus‘dum
533 1847 661 1913 campos
675 1824 819 1911 contegit
831 1823 938 1903 undis,

109 1922 145 1987 N
146 1945 210 1989 unc
224 1922 322 1989 etiam
336 1922 535 2010 AEgyptum,
549 1922 628 1990 dum
641 1922 737 2011 rigat,
752 1923 897 1988 aedificat

68 2020 185 2104 Quam,
200 2022 394 2108 simulatque
408 2021 477 2108 pati
490 2021 608 2108 potuit,
623 2044 749 2108 eoepere
766 2021 886 2088 colonis

110 2121 270 2187 Exeruere
284 2119 351 2186 suis
365 2119 540 2207 AEtbiopes
553 2120 688 2187 domini:

67 2219 183 2305 Atque
198 2243 271 2285 suas
285 2218 404 2306 populo
417 2217 506 2305 leges
518 2218 667 2305 ritusque
680 2218 805 2297 dedere,

109 2319 156 2384 Et
171 2319 231 2385 sibi
246 2319 407 2404 subjectos
419 2317 467 2384 sio
480 2327 614 2385 tenuere
627 2319 696 2384 diu.

66 2418 132 2484 See.
157 2416 239 2500 Quis
254 2418 318 2483 suit
332 2416 528 2503 AEthiopum
542 2419 669 2483 status?
713 2416 800 2482 Tum
815 2439 940 2483 summa
954 2431 1102 2506 potestas

112 2515 214 2600 Cujus
230 2517 322 2581 erat?
365 2514 466 2601 Regis
482 2514 588 2592 solius,
604 2539 645 2580 an
664 2516 799 2601 populi?
1061 2527 1125 2586 190

66 2618 127 2681 Pr.
152 2615 293 2681 Nomine
308 2615 408 2702 Regis
423 2626 501 2693 erat,
517 2616 573 2681 sed
588 2639 761 2703 regnavere
779 2616 949 2701 Sophistae,

112 2714 203 2798 Quos
218 2715 401 2801 deceptores
415 2715 556 2781 diximus
571 2716 755 2801 astrologos

69 2814 140 2879 Hos
156 2814 232 2899 quia
245 2837 405 2881 sermones
419 2837 494 2881 eum
508 2815 569 2880 Dis
584 2816 727 2881 conferre
743 2816 878 2901 putabat

112 2915 209 2981 Plebs
224 2914 360 3001 stupida,
376 2915 527 3002 ignorans
541 2925 640 3001 atque
654 2915 765 2981 sutura
779 2926 927 2990 tremens,

67 3017 196 3104 Regum
211 3017 363 3083 electores
378 3013 551 3084 voluerunt*
569 3039 637 3084 esse
651 3041 799 3084 suorum:

110 3119 147 3183 A
161 3118 236 3184 solis
250 3117 311 3203 ipsi
326 3118 386 3183 Dis
399 3118 528 3184 voluere
542 3118 621 3205 regi.

67 3215 114 3281 Et
128 3217 173 3283 sie
187 3217 320 3283 sacrifici
334 3240 452 3305 regem,
468 3218 600 3302 fictique
614 3217 787 3303 prophetae,

112 3317 176 3382 Per
190 3316 308 3382 multos
323 3339 421 3382 annos
436 3317 579 3402 dantque
593 3328 775 3403 regantque
790 3339 892 3380 snum.

69 3416 158 3500 Quid
173 3417 292 3484 laceret
307 3417 378 3483 Rex
393 3440 522 3503 quoque
537 3418 598 3495 die,
615 3417 692 3502 quid
708 3417 852 3502 qualibet
866 3415 952 3494 bora,

111 3516 250 3600 Quando
264 3518 427 3596 dormiret,
444 3541 593 3603 quosque
608 3518 696 3582 cibos
710 3527 857 3602 caperet:
1043 3524 1110 3582 200

69 3616 230 3703 Quodque
245 3618 346 3704 magis
360 3618 476 3683 mirum
491 3628 550 3695 est,
566 3617 694 3702 quando
709 3616 869 3681 discedere
884 3614 951 3680 vita

111 3717 260 3783 Debebat
273 3716 357 3794 Rex,
373 3739 432 3782 nee
447 3739 590 3801 quaerere
605 3716 662 3800 qui
677 3715 804 3790 meruit,

69 3817 192 3882 Audax
205 3817 347 3882 dictabat
361 3817 555 3882 nebulonum
571 3814 703 3881 ecelesia
717 3814 843 3879 stultis:

112 3915 274 3981 Parebant
288 3937 389 4002 reges,
404 3915 457 3981 lex
472 3915 638 3999 valuitque
653 3914 717 3978 diu.

67 4015 188 4094 Donec,
205 4015 386 4081 Alexandri
401 4015 496 4100 paulo
511 4025 584 4100 post
599 4024 743 4099 tempora
757 4012 883 4099 Magni,

111 4115 186 4181 Rex
200 4115 265 4180 suit
278 4113 472 4200 AEthiopum
488 4113 604 4178 nobilis
618 4112 833 4199 Ergamenes:

69 4212 136 4296 Qui
150 4238 262 4302 regum
278 4215 377 4280 vitam
391 4214 529 4300 pendere
544 4237 563 4278 a
577 4212 682 4300 gentis
697 4212 814 4296 iniquae

112 4314 271 4392 Arbitrio,
285 4313 454 4400 indignum
468 4313 593 4378 censuit
607 4334 675 4377 esse
690 4312 769 4378 viro.

70 4413 137 4482 Hie
151 4415 251 4502 igitur
264 4415 360 4480 misso
374 4413 494 4480 delevit
507 4413 609 4478 milite
624 4412 755 4498 stirpem

112 4515 258 4595 Omnem,
273 4515 413 4581 latrones
427 4513 647 4600 anticipatque
662 4535 775 4578 sacros.
1053 4515 1120 4573 210
