2656 5136
63 640 138 709 ³90
486 658 687 713 nrsnorua

65 820 205 907 Solaque
220 844 297 889 cura
309 830 429 901 manet,
443 845 510 910 quo
522 834 619 911 puoto
631 824 748 892 debeat
763 826 817 893 uti

106 918 262 987 Fortunae
276 922 378 999 fluxu,
392 923 644 1010 muneribusque
657 924 742 1002 frui3

65 1017 214 1101 Quantos
227 1020 376 1089 induerat
389 1022 496 1089 radios
509 1024 698 1111 splendoris,
712 1034 748 1091 et
761 1034 855 1092 esset

110 1118 212 1186 Stella
226 1121 344 1205 quibus
358 1121 461 1199 felix,
476 1123 570 1189 stella
583 1122 723 1211 maligna
736 1124 885 1210 quibus3

66 1217 181 1304 Regna
195 1220 311 1303 quibus
326 1220 438 1287 deceat
451 1221 538 1299 dare
552 1222 702 1299 vendere,
716 1222 847 1303 tollere,
863 1225 1006 1314 quique

108 1316 311 1384 Exultandus
325 1330 405 1397 erat,
420 1320 542 1405 quique
555 1321 748 1407 premendus
762 1332 848 1389 erat.

64 1414 217 1482 Promere
233 1418 287 1484 sed
302 1419 411 1486 lumen
431 1418 536 1498 Libri,
549 1430 649 1507 atque
662 1421 874 1502 abscondere,
893 1422 1009 1507 Suri,

109 1514 216 1600 Ipsius
230 1517 373 1595 arbitrio,
386 1518 528 1584 maxima
540 1518 707 1585 cumfuit.
1058 1530 1138 1593 1540

67 1613 216 1699 Namque
230 1638 288 1702 per
301 1615 363 1683 boc
376 1628 505 1705 tempus
518 1618 655 1685 cesavit
668 1619 782 1706 lingua
797 1619 932 1691 latina

108 1714 232 1792 Romae,
247 1738 323 1801 quse
337 1716 436 1803 longo
448 1727 593 1803 tompore
603 1716 706 1784 Babel
719 1730 793 1784 erat
805 1744 815 1785 ε

68 1813 173 1898 Inque
187 1837 284 1879 unam
299 1814 428 1903 linguas
441 1815 560 1881 multas
573 1816 768 1882 conflaverat
781 1828 878 1887 εἴη.

112 1914 226 1980 Italica
239 1914 309 1981 haee
324 1914 422 2002 vulgo
435 1915 566 1983 nomine
579 1915 667 1983 dieta
679 1914 752 1981 brit.

68 2012 123 2080 Sic
137 2013 192 2099 qui
207 2014 351 2080 doctriua
364 2036 470 2081 coecus
483 2014 548 2080 luit
561 2026 637 2082 ante
649 2012 809 2103 popellus,

110 2111 248 2199 Cogitur
261 2112 374 2180 officiis
388 2112 504 2179 surdus
517 2114 627 2181 adesse
641 2113 746 2181 saeua

67 2211 179 2278 Olenus
194 2223 364 2299 cognoscet
377 2213 465 2280 solus
480 2211 647 2301 Scriptura
660 2234 839 2301 precesque

111 2310 199 2394 Quid
214 2311 345 2378 dicunt:
368 2311 506 2399 populus
519 2312 625 2379 (licere
638 2314 742 2379 ducat
754 2318 873 2383 Am.

67 2410 137 2477 Uni
152 2422 340 2477 cunctorum
354 2412 523 2479 commissa
536 2423 587 2478 cst
599 2434 678 2479 eura
691 2411 823 2479 salutis:

109 2511 248 2575 Romani
262 2510 408 2595 loquitur
422 2511 567 2598 praesulis
581 2534 635 2577 ore
651 2511 750 2576 Dens.
1053 2524 1137 2584 1550

68 2608 165 2692 Quod
180 2610 206 2674 si
221 2610 384 2689 concedas,
400 2612 478 2696 quid
493 2621 628 2697 prosunt
643 2610 749 2676 Biblia
763 2614 906 2677 sancta?

113 2708 312 2787 Submotis,
329 2711 355 2775 si
371 2735 442 2797 qum
452 2711 586 2796 jusserit
600 2710 653 2775 ille
668 2710 755 2776 facis.

67 2809 130 2872 Sec.
155 2808 232 2873 Non
248 2820 317 2874 erat
332 2809 474 2887 ambitio,
491 2810 546 2876 sed
562 2820 631 2873 emt
645 2807 810 2895 sapientia,
827 2808 934 2897 uulgo

112 2907 292 2996 Scripturas
307 2934 409 2977 sacras
425 2911 510 2994 quod
525 2919 657 2975 uetuere
671 2909 746 2995 legi.

66 3005 184 3074 Nonne
199 3009 263 3075 Dei
279 3009 432 3095 populum
448 3008 553 3073 vetuit
567 3007 777 3072 conscendere
791 3016 944 3073 montem

109 3106 342 3173 Flammantcm
359 3108 477 3184 Moses,
490 3107 565 3172 inde
580 3105 687 3171 videre
703 3105 833 3170 Deum?

65 3204 180 3293 Nuper
195 3219 233 3273 ut
248 3207 280 3271 in
296 3218 401 3293 partes
416 3206 519 3271 fracta
533 3214 583 3270 est
598 3204 742 3271 Ecclesia
755 3213 877 3281 nostra,

108 3304 249 3381 Vidisti3
273 3318 367 3371 secta·
383 3316 528 3389 quotque
543 3304 633 3369 fuere
648 3303 831 3370 hominum:

65 3406 331 3492 ludependcutes‚
347 3404 503 3480 Tremuli,
520 3402 771 3488 Presbyterum,

108 3505 473 3586 Quinti-monarchiam,
489 3502 667 3580 Praesulici,
683 3500 835 3586 Dibaphi.
1047 3513 1132 3573 1560

65 3603 172 3687 Quam
186 3604 289 3669 multo
304 3627 424 3670 saeuum
440 3604 599 3668 satiabant
614 3602 768 3689 sanguine
785 3601 943 3679 Martem,

109 3701 238 3780 Scituri,
255 3703 338 3768 bello
348 3703 467 3789 judice,
479 3704 577 3770 rerba
592 3701 666 3766 Dei.

64 3801 132 3883 Qui
147 3803 236 3888 cupit
252 3801 284 3866 in
300 3803 419 3867 celsum
436 3799 522 3867 Sinre
537 3800 748 3865 conscendere
763 3812 919 3878 montem,

108 3900 199 3966 Ante
214 3901 247 3964 iu
265 3901 421 3965 Parnasso
435 3900 571 3965 fabricet
585 3899 639 3964 ille
654 3899 780 3963 scalam.

62 4000 123 4064 Pr.
149 3999 244 4064 Tune
259 3999 337 4064 adeo
351 4002 453 4064 bonus
468 4020 511 4075 es,
527 4010 690 4063 tantorum
706 4008 743 4062 ut
757 4019 851 4062 causa
867 3998 1040 4069 malorum

108 4097 189 4163 Visa
203 4098 245 4164 sit
260 4121 327 4162 esse
343 4098 403 4163 tibi
419 4095 525 4161 Biblia
542 4095 638 4162 Sacra
653 4095 742 4182 legi?

63 4197 197 4264 Sederat
210 4199 246 4262 in
261 4197 345 4262 clero
359 4194 477 4262 veteris
491 4196 554 4261 faex
569 4195 770 4261 ambitionis:

105 4295 182 4362 Non
198 4297 261 4362 illis
277 4307 393 4361 nostrae
408 4318 485 4361 cura
499 4296 611 4361 salutis
626 4307 703 4360 erat

61 4396 146 4479 Quis
160 4396 234 4462 fidei
249 4408 376 4470 nostrae,
392 4395 569 4470 certabant,
585 4393 792 4479 imperitaret,

104 4494 151 4558 Et
165 4504 292 4580 caperet
305 4494 440 4568 lucrum,
457 4493 543 4574 quod
559 4493 647 4558 venit
663 4492 746 4569 inde,
762 4489 830 4556 sibi.
1038 4503 1121 4564 1570
