2692 4792
178 538 221 603 16
424 554 623 609 ROSETUM
643 555 967 611 enomn'rmcunt.

0 744 75 786 aa
89 744 135 787 m.
172 719 301 816 tagoni
318 721 381 807 El,
399 721 534 797 dantur
551 723 635 798 duae
652 723 801 798 chordae
819 723 903 814 EH,
919 725 989 798 HI.
1043 725 1171 800 Quare
1189 726 1218 797 si

3 875 137 934 ,pamm
172 832 351 908 diametro
365 834 434 908 AE
452 835 611 910 addatur
627 838 684 911 sui
700 836 814 934 ipsius
831 861 916 935 pars
934 837 1075 934 quinta,
1087 861 1219 933 nempe

3 962 23 992 2'
63 942 121 986 Μ
172 942 249 1036 ΕΒ,
267 959 305 1021 et
321 946 553 1023 describatur
570 973 677 1023 arcus
695 950 774 1039 BD,
792 948 876 1024 dnae
894 949 1042 1024 chordae
1060 950 1145 1037 EH,
1162 950 1217 1023 Hl

172 1061 331 1156 aequales
365 1075 475 1135 erunt
509 1062 651 1136 duabus
685 1063 832 1137 chordis
864 1063 939 1154 BC,
954 1063 1031 1152 CD,
1061 1077 1218 1160 utraque

172 1173 331 1269 utrique,
356 1188 397 1248 et
422 1175 562 1249 chorda
586 1176 652 1249 BD
676 1176 773 1250 latus
803 1177 988 1274 hexagoni
1017 1176 1056 1250 in
1080 1176 1217 1250 circulo

170 1309 238 1382 per
256 1288 299 1361 B.

582 1765 719 1839 PROP.
753 1766 816 1839 lV.

173 1959 227 2011 DE
248 1954 433 2010 RATIONE
450 1952 580 2007 GURVI
596 1952 652 2002 An
669 1898 848 2005 cultthM
869 1952 914 2003 ΙΝ
936 1951 1212 2007 CIRCULORUM

488 2065 894 2118 CIRCUMFERENTIIS.

170 2224 198 2274 1.
227 2199 441 2273 Cracunus
459 2209 502 2269 ut
521 2220 543 2269 a
560 2195 833 2269 semidiametro
852 2195 1075 2269 describitur
1088 2196 1214 2270 circini

169 2314 286 2387 altero
302 2310 397 2408 pede
424 2311 510 2399 fixo,
528 2309 644 2382 altero
662 2309 928 2398 circumducto,
953 2310 1008 2383 ita
1024 2310 1139 2383 etiam
1157 2309 1213 2384 de·

168 2427 326 2522 scriptus
340 2423 497 2520 intelligi
512 2435 637 2519 potest
654 2423 786 2496 alinea
803 2436 904 2496 recta
919 2422 1006 2497 data
1022 2423 1214 2497 uniformi-

169 2552 227 2614 ter
243 2540 350 2627 flexa,
361 2537 400 2611 id
413 2550 481 2625 est,
492 2536 693 2610 secundum
712 2536 867 2633 angulos
885 2559 1031 2633 semper
1043 2538 1213 2633 aequales.

171 2653 256 2726 (lna
273 2649 422 2748 quidem
445 2649 615 2738 flexione,
633 2648 664 2723 si
686 2649 813 2744 anguli
840 2661 1033 2722 sumantur
1058 2674 1214 2725 numero

169 2764 317 2853 infiniti,
341 2763 570 2836 describetur
596 2763 767 2835 circulus,
821 2762 991 2835 Circulns
1020 2763 1120 2836 enim
1151 2788 1216 2839 sua

169 2889 300 2952 natura
317 2876 409 2950 nihil
426 2876 550 2950 differt
566 2901 589 2950 a
605 2877 791 2974 polygono
808 2876 964 2949 laterum
986 2900 1144 2951 numero
1161 2877 1215 2951 in-

167 2992 368 3066 finitorum.
421 2990 546 3064 Flexio
574 3003 697 3064 autem
725 3001 781 3062 est
809 2988 983 3062 discessio
1007 3013 1030 3063 a
1059 2991 1214 3065 rectitu-

168 3104 254 3178 dine
271 3103 473 3179 secundum
490 3105 667 3202 angulum
684 3103 857 3198 aliquem,
874 3102 914 3174 id
931 3102 1032 3199 quod
1054 3117 1114 3178 est
1132 3128 1215 3179 cur-

168 3217 274 3291 redo.

218 3354 264 3405 11.
292 3330 541 3405 Curvedinnm
555 3343 679 3404 antem
697 3329 768 3401 alia
785 3330 903 3425 major
917 3329 989 3402 alia
1002 3330 1125 3404 minor
1138 3342 1214 3404 est:

166 3456 206 3518 et
222 3457 420 3541 propterea
436 3444 596 3516 curvedo
619 3455 676 3515 est
693 3444 892 3538 quantitaS,
908 3443 1144 3540 pertinetque
1168 3444 1216 3517 ad

167 3557 374 3652 subjectum
404 3567 688 3654 geometrarum,
716 3566 754 3628 et
782 3556 941 3629 maxime
971 3556 1121 3630 illorum
1151 3558 1214 3655 qui

166 3670 333 3744 scribunt
350 3670 396 3744 de
414 3668 669 3766 magnitudine
687 3668 815 3741 circuli
846 3681 883 3742 et
910 3669 1152 3766 inscriptione
1176 3674 1214 3746 in

167 3783 305 3857 circulo
315 3784 600 3880 polygonorum;
617 3806 826 3880 quanquam
842 3781 889 3855 de
906 3783 976 3856 hac
990 3806 1030 3855 re
1044 3782 1138 3857 nihil
1151 3772 1213 3859 uo·

167 3897 223 3970 bis
240 3896 417 3970 traditum
435 3897 483 3970 sit
500 3922 522 3969 a
539 3896 735 3969 veteribus.

217 4033 282 4083 111.
311 4012 433 4085 Quam
450 4011 632 4083 rationem
649 4010 760 4082 habet
785 4009 824 4082 in
841 4008 972 4083 eodem
991 4010 1132 4086 circulo
1150 4037 1213 4086 an·

165 4125 274 4222 gulns
292 4125 331 4197 in
355 4124 652 4197 circumferentia
675 4122 723 4196 ad
751 4123 926 4218 angulum
955 4123 993 4195 in
1022 4124 1212 4199 circumfe-

165 4237 297 4326 rentia,
330 4237 485 4311 eandem
516 4238 626 4310 habet
657 4238 819 4310 curvitas
849 4238 999 4333 majoris
1029 4262 1139 4312 arcus
1166 4241 1212 4314 ad

166 4353 384 4425 curvitatem
401 4351 566 4424 minoris.
602 4351 697 4423 Cum
715 4352 813 4423 enim
832 4350 992 4423 eurvedo
1010 4352 1102 4426 nihil
1113 4355 1212 4427 aliud

164 4465 211 4539 sit
228 4489 338 4562 quam
357 4465 512 4539 deflexio
534 4468 615 4561 (per
633 4465 809 4561 angulum
835 4465 872 4538 in
897 4465 1207 4561 circumferentia)
