2656 5136
306 637 360 689 An
381 635 574 688 osannam
594 633 925 687 austremonius
1060 613 1134 682 259

92 813 254 876 mentem
273 825 352 875 esse
369 814 523 890 motum,
540 813 665 897 posset
693 802 804 874 etiam
826 798 1045 874 concludere
1061 809 1133 870 ter·
1177 822 1322 865 ommno

92 941 172 989 ram
189 939 268 989 esse
285 916 431 1005 coelum,
448 915 506 987 vel
524 913 704 1009 quidquid
728 914 829 988 aliud
855 913 924 987 sibi
940 911 1130 1009 placuerit.
1173 905 1315 1010 „L

483 1218 685 1269 OBJECTIO
708 1218 748 1269 V.

300 1370 355 1420 AD
377 1368 706 1420 mnm'ramouum
726 1367 925 1419 ranulam.

525 1484 587 1555 De
609 1482 702 1555 Deo.

95 1621 275 1708 Qrtoedam
302 1646 349 1694 ex
379 1620 450 1709 Itis,
479 1620 620 1694 scilicet
648 1621 931 1718 cogitationibus
953 1621 1135 1708 humanis

143 1744 318 1831 tanquam
336 1757 460 1805 rerum
478 1734 662 1831 imagines
679 1743 775 1825 aunt,
794 1733 923 1831 quibus
937 1733 1029 1806 solia
1040 1758 1136 1833 pro-

137 1851 231 1945 prie
249 1846 410 1918 convenit
427 1845 522 1918 idere
538 1868 685 1918 nomen:
710 1856 752 1919 ut
772 1871 851 1918 cum
868 1847 1056 1937 hominem,
1080 1846 1138 1920 cel

144 1959 367 2048 chimeram,
394 1958 453 2031 cel
476 1958 618 2049 cotum,
646 1958 707 2032 vel
727 1959 912 2058 angelum,
937 1958 996 2032 cel
1017 1959 1137 2032 Deum

143 2073 282 2171 cogito.

144 2210 238 2282 Cum
255 2210 428 2282 hominem
446 2210 581 2307 cogit0,
599 2234 758 2307 agnosco
777 2210 896 2284 ideam
914 2211 989 2285 sive
1008 2209 1136 2307 imagi-

94 2346 177 2394 nem
196 2323 433 2396 constitutam
445 2348 490 2397 ex
503 2325 623 2419 figura
640 2334 678 2397 et
695 2324 830 2413 colore,
843 2324 888 2397 de
902 2348 974 2421 qua
991 2348 1138 2420 possum

94 2437 261 2510 dubitare
280 2461 326 2509 an
345 2437 393 2510 sit
413 2438 572 2510 hominis
596 2437 795 2511 similitudo
811 2437 871 2511 vel
888 2462 975 2511 non.
1029 2438 1137 2511 Simi-

93 2550 189 2639 liter,
208 2576 293 2623 cum
321 2552 443 2647 cogito
462 2551 601 2624 coelum.
655 2552 747 2624 Cum
771 2551 983 2625 chimaeram
1000 2551 1136 2648 cogito,

93 2688 253 2760 agnosco
272 2665 392 2737 ideam
406 2666 481 2737 sive
495 2666 705 2761 imaginem,
721 2664 765 2737 de
780 2688 853 2760 qua
868 2687 1015 2760 possum
1030 2663 1137 2737 dubi-

93 2791 172 2849 tare
196 2801 243 2850 an
268 2776 315 2850 sit
339 2777 538 2850 similitudo
564 2777 718 2873 alicujus
742 2777 921 2865 animalis,
938 2800 1014 2850 non
1041 2777 1137 2851 exis-

94 2890 218 2976 tentis,
245 2887 310 2961 sed
331 2889 431 2985 quod
456 2891 613 2962 existere
641 2890 757 2986 possit
779 2890 838 2963 vel
870 2891 1035 2964 extiterit
1061 2889 1134 2963 alio

95 3015 273 3096 tempore,
291 3000 349 3072 vel
367 3025 453 3073 non.

145 3115 328 3187 Caeterum
360 3112 541 3209 cogitanti
567 3113 741 3211 angelum
770 3115 985 3188 observatur
1012 3115 1136 3188 animo

94 3226 291 3324 aliquando
315 3227 437 3322 imago
454 3226 623 3311 flammae,
641 3225 837 3321 aliquando
855 3228 959 3322 pueri
985 3225 1136 3300 formosi

94 3342 193 3431 alati,
209 3341 254 3414 de
267 3364 339 3436 qua
356 3354 478 3413 certus
491 3339 581 3412 mihi
593 3338 721 3412 videor
734 3362 812 3412 esse
825 3340 923 3436 quod
936 3363 1012 3414 non
1025 3340 1137 3413 habet

94 3453 369 3527 similitudinem
395 3452 528 3548 angeli,
547 3476 665 3549 neque
691 3475 779 3549 ergo
805 3476 883 3526 esse
909 3477 990 3527 eam
1015 3451 1136 3549 angeli

95 3569 240 3641 ideam:
275 3565 339 3639 sed
373 3565 526 3639 credens
556 3589 635 3639 esse
666 3576 851 3639 creaturas
881 3566 1020 3663 aliquas
1055 3564 1135 3639 Deo

95 3682 355 3768 ministrantes,
366 3678 577 3768 invisibiles
589 3688 627 3751 et
639 3678 908 3769 immateriales,
920 3680 973 3752 rei
987 3678 1137 3753 creditae

95 3794 154 3865 vel
181 3793 377 3888 suppositae
406 3815 541 3864 nomen
570 3792 815 3888 imponimus*
842 3791 1025 3890 angelum,
1051 3817 1136 3866 cum

95 3919 218 3977 tamen
236 3906 319 3977 idea
337 3906 403 3977 sub
421 3930 494 4002 qua
518 3906 690 4002 angelum
712 3907 904 4003 imaginor,
923 3906 971 3980 sit
987 3931 1136 4003 compo-

96 4019 167 4090 sita
184 4044 229 4090 ex
247 4018 337 4090 ideis
356 4043 478 4091 rerum
495 4019 703 4093 visibilium.

146 4130 284 4203 Eodem
297 4131 406 4204 modo
420 4131 468 4204 ad
482 4157 616 4205 nomen
626 4132 876 4207 venerandum
893 4131 980 4222 Dei,
997 4132 1136 4206 nullam

97 4245 166 4316 Dei
185 4245 361 4317 habemus
379 4245 575 4341 imaginem
590 4247 666 4319 sive
680 4247 818 4320 ideam:
838 4246 995 4343 ideoque
1012 4246 1135 4345 prohi-

566 4543 584 4577 ὕ
608 4532 666 4593 sic.
