2656 5136
314 39 1173 404 Ἦ

68 569 141 635 268
443 587 728 641 onsncmonns

1 773 22 815 ‘o
67 750 144 823 sive
161 774 220 824 res
238 776 366 827 omnes
378 778 401 827 a
413 755 493 830 Deo
507 755 681 845 diversas,
697 778 922 852 quaecunque
936 757 1104 831 existunt

68 864 115 936 ab
134 864 212 960 ipso
231 890 309 940 esse
327 881 481 943 creatas.

119 976 286 1074 Denique
304 1003 389 1052 cum
406 980 561 1054 dicimus
580 980 702 1054 ideam
722 980 884 1077 aliquam
905 983 1013 1055 nobis
1032 1008 1119 1057 esse

67 1088 246 1180 innatam,
271 1116 347 1166 non
372 1093 611 1191 intelligimus
636 1093 736 1167 illam
756 1095 865 1167 nobis
885 1119 1031 1191 semper
1049 1098 1120 1169 ob-

66 1203 218 1293 versari,
235 1205 289 1277 sic
316 1205 414 1279 enim
438 1206 540 1280 nulla
564 1230 716 1302 prorsus
746 1222 843 1281 esset
869 1210 1014 1282 innata:
1048 1209 1119 1282 sed

67 1328 214 1388 tantum
230 1341 299 1391 nos
316 1318 453 1393 habere
469 1319 509 1393 in
531 1318 639 1393 nobis
663 1319 752 1416 ipsis
775 1319 991 1395 facultatem
1008 1323 1118 1396 illam

67 1428 248 1503 eliciendi.

445 1590 647 1644 onsncmo
666 1591 728 1643 x1.

71 1702 241 1800 Totoque
256 1704 314 1778 oie
333 1706 547 1803 argumenti
563 1705 602 1779 ia
619 1731 662 1779 co
679 1715 749 1793 est,
768 1706 871 1803 quod
891 1732 1117 1807 cognoscam

102 1816 200 1910 fieri
221 1841 292 1890 noo
301 1841 420 1915 potae
444 1826 486 1891 ut
511 1818 681 1908 existam,
706 1819 799 1892 tatio
821 1830 966 1895 nature
986 1823 1118 1920 quotis

114 1954 204 2020 som,
222 1955 349 2029 nempe
365 1928 488 2004 ideam
501 1931 580 2005 Dei
596 1933 635 2005 iu
650 1957 708 2005 me
720 1932 869 2023 meon,
886 1935 960 2006 nisi
975 1959 1117 2010 revera

114 2043 229 2116 etium
246 2044 388 2118 emittat
398 2072 412 2118 .·
438 2046 556 2134 Deua,
573 2046 733 2143 inquom,
751 2045 819 2120 itte
844 2049 949 2142 cujus
967 2048 1055 2123 ideo
1074 2051 1116 2124 in

113 2182 171 2230 me
188 2168 257 2232 eat.

115 2297 299 2373 Quoniam
317 2321 407 2395 ergo
423 2320 499 2371 non
518 2308 575 2370 est
593 2296 886 2371 demonstratum
903 2322 971 2371 nos
989 2298 1114 2374 ideam

64 2407 136 2483 Dei
148 2410 296 2500 habere,
310 2422 347 2484 et
361 2410 571 2484 Christiana
585 2410 715 2507 religio
727 2435 794 2484 nos
805 2411 946 2508 obligat
959 2413 1113 2487 credere

63 2523 183 2596 Deum
194 2547 274 2596 esse
284 2523 615 2619 inconceptibilem,
627 2524 698 2596 hoc
710 2534 777 2612 est,
790 2536 833 2597 ut
846 2526 989 2620 opinor,
1004 2529 1113 2623 cujus
1147 2552 1149 2555 ·

63 2636 147 2710 idea
159 2661 233 2710 non
247 2638 421 2712 hahetur:
436 2637 601 2734 sequitur
614 2637 848 2710 existentiam
862 2638 931 2711 Dei
942 2663 1016 2712 non
1030 2664 1114 2714 esse

64 2748 365 2840 demonstratam,
383 2751 500 2824 multo
518 2751 639 2823 minus
658 2751 896 2825 creationem.

467 2949 710 3002 RESPONSIO.

114 3065 210 3139 Cum
228 3066 362 3140 dicitur
380 3067 479 3142 Deus
498 3065 805 3162 inconceptibilis,
825 3066 1045 3161 intelligitur
1063 3068 1113 3141 de

62 3192 245 3277 conceptu
261 3180 454 3277 adaequate
478 3179 581 3253 illum
606 3178 954 3276 comprehendente.
1008 3179 1112 3253 Quo-

60 3293 172 3367 modo
189 3306 313 3367 autem
330 3294 415 3367 idea
431 3294 500 3366 Dei
519 3295 712 3380 habeatur,
731 3292 778 3365 ad
800 3316 973 3365 nauseam
993 3316 1112 3387 usque

60 3407 259 3502 repetitum
277 3419 348 3481 est:
376 3432 419 3481 ac
445 3407 538 3480 nihil
562 3409 711 3480 omnino
738 3407 798 3479 hic
825 3409 987 3496 affertur,
1008 3408 1112 3502 quod

61 3518 395 3595 demonstrationes
413 3543 513 3594 meas
531 3520 727 3593 convellat.

433 3732 632 3784 0anch
650 3732 729 3782 ΧΗ.

260 3858 315 3909 ΑΙ)
335 3857 667 3910 mnnrrarronnm
688 3857 905 3916 QUARTAM.

401 3963 464 4035 De
480 3985 566 4035 uero
587 3961 759 4058 etfolao.

59 4103 182 4199 Atque
196 4103 253 4175 ito
278 4113 379 4175 certe
402 4100 574 4198 intelligo
595 4123 769 4190 errorem,
788 4110 970 4198 quotenus
997 4124 1110 4173 error

107 4225 175 4305 eat,
193 4240 264 4290 non
281 4240 364 4288 eoae
382 4214 472 4312 quid
486 4212 601 4303 reate,
620 4215 691 4288 aed
713 4215 963 4286 tantummodo
983 4213 1107 4308 defec-

108 4340 194 4403 tum.
238 4328 330 4416 Nec,
345 4328 515 4427 proinde,
531 4328 585 4400 ad
596 4329 797 4400 errandum
812 4328 902 4400 mitri
915 4352 1007 4423 opus
1022 4352 1108 4400 ease

106 4442 233 4540 otique
243 4451 436 4540 potestate
451 4442 508 4515 ad
522 4441 616 4515 dune
619 4441 738 4533 finem
756 4465 780 4512 a
795 4441 877 4512 Deo
897 4439 1051 4511 tributu.

106 4611 257 4684 Certum
275 4622 331 4682 est
348 4608 594 4705 ignorantiam
612 4606 867 4681 tantummodo
882 4629 960 4678 esse
974 4603 1097 4677 defec-
