2656 5136
153 647 205 715 40
406 662 603 717 nostrum
623 660 949 715 uuouurnrcurr.

1 853 40 894 ι».
55 854 131 895 xvm
157 827 244 900 BK:
271 850 356 923 quae
382 850 468 922 pars
501 838 558 901 est
590 829 704 902 tertia
735 825 952 926 quadrantis
976 823 1108 899 circtffl
1131 822 1192 898 de·

4 985 125 1029 Μή
156 941 283 1037 scripti
302 941 348 1012 ab
367 940 433 1014 AB
450 952 493 1014 ut
510 940 795 1016 semidiametro.

35 1056 118 1095 Μ·
206 1052 486 1128 Semidiametro
518 1055 578 1128 BP
602 1053 834 1128 describatur
861 1074 970 1126 arcus
992 1050 1054 1141 Po,
1071 1050 1110 1124 in
1127 1074 1193 1148 quo

155 1177 322 1241 sumatur
335 1166 387 1239 Ρθ
403 1167 553 1265 aequclis
569 1167 672 1241 arcui
683 1187 733 1258 γι.
772 1167 896 1241 Ductc
907 1188 998 1261 ergo
1012 1164 1068 1238 Βθ
1081 1188 1194 1261 teque·

154 1279 199 1353 lis
217 1279 288 1353 erit
305 1321 356 1371 ay,
380 1280 420 1353 id
448 1291 506 1354 est
527 1280 635 1355 lateri
663 1279 843 1353 icosaedri
864 1278 905 1352 iu
925 1278 1073 1376 sphaeru
1097 1279 1194 1375 cujus

157 1393 335 1466 diameter
352 1406 409 1467 est
425 1394 497 1466 EF.
548 1392 668 1467 Badio
686 1417 775 1490 ergo
794 1392 848 1466 Bo
869 1392 1080 1489 descriptus
1095 1413 1195 1465 uretn

157 1507 285 1579 circuli
302 1528 431 1579 secans
445 1506 517 1596 BP,
530 1505 633 1580 dubit
649 1504 748 1579 lutus
760 1505 958 1579 icoseedri:
984 1503 1090 1600 quod
1106 1504 1196 1579 letus

157 1621 188 1692 si
216 1620 263 1692 sit
289 1618 409 1715 ipsum
432 1618 498 1709 Be,
516 1619 589 1692 erit
614 1619 726 1692 tertie
750 1642 837 1716 pars
865 1631 978 1693 rectae
994 1616 1063 1708 Bb,
1080 1616 1122 1691 id
1144 1628 1197 1693 st

158 1734 268 1807 tertia
284 1755 369 1827 pars
386 1755 493 1805 arcus
510 1731 576 1805 Ac
595 1731 671 1806 sive
694 1731 915 1806 semicirculi
935 1754 1050 1828 super
1065 1730 1197 1805 diem·

157 1862 216 1921 tro
230 1846 302 1919 EF.
330 1846 382 1919 Ut
400 1844 634 1919 manifestum
651 1857 709 1918 est
725 1868 772 1920 ex
786 1843 957 1919 Comect.
973 1853 1009 1933 3,
1023 1842 1196 1941 proprii.

208 1960 317 2033 Ratio
335 1984 423 2055 ergo
441 1957 629 2032 reddenda
646 1971 703 2033 est
715 1983 829 2056 quere
843 1999 884 2050 ay
895 1959 973 2033 sive
986 1957 1042 2031 Βθ
1052 1956 1197 2055 aequnlis

158 2074 290 2146 debeat
307 2095 386 2144 csse
401 2071 522 2144 tertiae
538 2071 637 2168 perti
653 2094 760 2145 arcus
775 2070 856 2161 AC,
869 2070 909 2145 id
925 2084 984 2144 est
999 2071 1106 2145 arcui
1122 2068 1197 2143 CK.

159 2189 253 2261 Quae
270 2185 419 2282 quidem
443 2185 540 2258 ratio
566 2184 710 2259 facilius
734 2184 842 2259 reddi
858 2197 983 2282 posset
998 2185 1048 2259 ab
1064 2183 1198 2257 intuitu

158 2300 270 2396 ipsius
294 2296 473 2371 icosaedri
496 2297 616 2371 solidi.
669 2298 743 2372 Sed
759 2299 934 2395 quonism
951 2298 992 2370 in
1007 2296 1122 2394 pleno
1141 2319 1198 2369 ex·

158 2413 247 2509 poni
278 2435 354 2483 non
388 2422 520 2506 potest,
552 2412 760 2507 proximum
795 2425 852 2484 est
884 2423 926 2483 ut
953 2411 1198 2484 describamus

160 2535 318 2620 quatuor
336 2523 521 2620 triangula
541 2548 698 2621 quornm
715 2524 846 2619 viginti
864 2524 1006 2596 faciunt
1024 2523 1198 2597 icosuedri

160 2638 403 2733 superficiem,
417 2653 455 2711 et
473 2663 517 2710 eu
533 2639 717 2736 positione
735 2664 807 2736 quc
819 2639 968 2712 Cluvius
982 2663 1027 2712 ea
1045 2637 1199 2736 disponit

162 2751 338 2824 adfinem
356 2775 459 2847 prop.
484 2760 540 2840 16,
559 2753 674 2824 Elem.
694 2753 770 2825 xiii.
823 2752 918 2825 Sunt
945 2776 1037 2848 ergo
1061 2752 1125 2826 illa
1140 2750 1199 2825 tri·

163 2864 298 2960 ungula
315 2864 441 2952 DMN,
460 2865 586 2952 MNO,
603 2865 722 2955 NOQ,
742 2865 858 2941 QOR.

215 2979 258 3050 In
289 3001 333 3050 ea
357 2978 477 3072 figura
502 2979 549 3050 sit
575 2978 728 3073 sphaerae
754 2978 860 3074 polus
878 2978 923 3051 D.
975 2979 1098 3052 Erunt
1120 3001 1199 3074 ergo

163 3102 302 3187 puncta
319 3089 364 3179 D,
376 3090 430 3178 M,
443 3089 492 3178 N,
503 3090 548 3176 O,
568 3089 615 3176 Q,
632 3090 666 3162 R
683 3090 720 3162 in
738 3091 930 3186 superficie
948 3092 1104 3187 sphaerae
1121 3114 1202 3164 con·

165 3228 278 3278 cava:
306 3216 345 3276 et
362 3216 557 3299 propterea
574 3218 686 3276 rectae
704 3204 795 3291 MN,
815 3204 896 3292 ΝΟ,
916 3204 987 3287 OQ
1005 3216 1201 3279 nonerunt

164 3318 200 3389 in
220 3317 349 3390 eodem
375 3317 485 3413 piano
514 3341 598 3390 cum
626 3318 774 3412 punctis
794 3317 827 3389 D
846 3329 883 3390 et
902 3317 946 3407 R,
966 3342 1050 3415 quae
1067 3319 1202 3392 suntin

163 3431 274 3526 piano
291 3455 357 3527 per
375 3431 594 3503 diametrum
614 3431 779 3526 sphaerae.

216 3545 340 3617 Quare
353 3545 449 3616 latus
462 3544 642 3617 icosaedri
655 3545 824 3641 procedit
842 3545 961 3641 apolo
973 3546 1006 3618 D
1019 3546 1068 3619 ud
1085 3548 1201 3644 polum

167 3656 200 3728 R
216 3680 282 3751 per
300 3658 458 3753 quinque
477 3670 598 3730 rectas
615 3658 786 3754 aequales,
804 3659 978 3730 nimirum
996 3683 1020 3731 a
1037 3659 1072 3732 D
1090 3660 1138 3733 ad
1154 3659 1200 3747 M,

165 3770 269 3841 abM
289 3770 336 3840 ἃᾶ
354 3770 402 3855 N,
420 3769 586 3842 ubNad
604 3771 648 3858 Ο,
667 3770 830 3843 abOad
849 3771 1050 3860 matred
1068 3775 1114 3846 R.
1163 3773 1200 3844 ln

165 3894 267 3954 motu
285 3896 408 3954 antem
426 3884 545 3978 primo
563 3909 586 3957 a
602 3884 699 3956 Ded
717 3884 758 3955 M
773 3898 1012 3979 promovetur
1023 3910 1149 3960 versus
1162 3887 1200 3958 lt

165 3997 319 4083 Rursus
354 3996 400 4067 ab
428 3997 469 4067 M
497 3997 545 4068 ad
575 3997 610 4068 N
639 4021 714 4069 non
742 4010 979 4093 promovetur
1010 4024 1137 4074 versus
1162 4001 1201 4072 R.

164 4110 290 4182 Tertio
313 4109 359 4181 ab
378 4109 413 4180 N
431 4110 479 4181 ἃᾶ
497 4112 529 4183 Ο
547 4121 785 4206 promovetur
802 4126 981 4207 quantum
1000 4138 1023 4186 a
1040 4114 1075 4187 D
1093 4115 1140 4187 ud
1156 4113 1200 4186 M.

166 4224 309 4297 Quarto
343 4223 389 4294 ab
425 4224 457 4295 Ο
492 4223 540 4294 ἃᾶ
571 4223 607 4297 Q
634 4248 709 4296 nou
744 4237 982 4319 promovetur
1013 4251 1139 4300 versus
1165 4227 1200 4299 R

166 4338 307 4411 Quinto
338 4361 360 4408 a
393 4335 430 4409 Q
459 4349 695 4433 promovetur
725 4339 772 4409 ἃᾶ
803 4338 922 4434 ipsum
956 4352 1137 4436 punctum
1163 4341 1199 4413 R.

165 4452 294 4546 ltaque
312 4472 378 4545 per
396 4450 558 4545 quinque
576 4463 695 4523 rectas
713 4451 883 4546 aequaleS,
898 4477 980 4548 quae
994 4453 1112 4527 latera
1124 4463 1199 4527 sunt

164 4563 358 4652 icosecdri,
376 4564 419 4636 fit
438 4578 558 4637 motus
576 4590 598 4637 a
616 4564 700 4661 polo
717 4565 765 4638 ud
783 4566 920 4661 polum.
967 4567 1042 4641 Sed
1059 4580 1198 4665 propter
