2656 5136
94 666 165 733 284
506 679 729 737 nrrsronn.

35 857 64 902 “¹
93 850 259 945 corporis
272 843 495 924 incurrentis
511 850 686 948 impulsui
703 849 862 923 cedunt?
915 850 1025 925 Quod
1043 851 1076 924 si
1094 851 1148 924 sit

43 954 48 964 ’
92 986 232 1053 verum,
254 965 355 1054 (nam
379 965 556 1061 supposui
579 974 726 1038 tantum
743 964 954 1059 hujusmodi
971 977 1146 1038 motuum

92 1077 132 1149 in
158 1077 347 1173 spiritibus
369 1076 623 1152 diversitatem
646 1090 689 1151 ut
714 1100 794 1150 rem
819 1077 1062 1174 possibilem),
1087 1102 1148 1152 se·
1192 1155 1195 1161 ,

92 1203 228 1286 quetur
245 1191 344 1264 idem
360 1214 495 1287 corpus
512 1202 637 1281 tenue,
651 1192 727 1264 sive
744 1192 937 1265 materiam
956 1191 1145 1279 subtilem,

91 1325 241 1375 causam
265 1303 344 1376 fore
370 1315 409 1377 et
434 1304 600 1378 mollitiei
621 1316 659 1377 et
684 1302 847 1391 duritiei,
865 1317 977 1401 prout
994 1305 1147 1379 diversa

90 1415 287 1489 velocitate
304 1427 343 1488 et
359 1416 506 1490 diverso
522 1415 634 1490 modo
651 1416 871 1489 movebitur.
908 1417 1032 1490 Prima
1049 1440 1145 1512 ergo

91 1552 203 1602 causa
219 1542 499 1625 propterquam
523 1541 637 1625 negat
659 1528 814 1603 eandem
831 1552 912 1603 esse
929 1553 1007 1602 rem
1031 1529 1145 1624 spiri·

90 1653 172 1713 tum
189 1652 227 1715 et
242 1643 436 1715 materiam
452 1642 636 1730 subtilem,
654 1642 818 1715 ostendit
835 1642 958 1738 potius
969 1642 1144 1716 volunta-

91 1767 167 1828 tem
180 1779 291 1851 quam
307 1756 488 1828 rationem
505 1754 758 1828 dissentiendi.
810 1754 921 1829 Quod
939 1754 1073 1828 attinet
1091 1755 1145 1829 ad

90 1868 288 1942 secundam
318 1891 469 1941 causam
499 1865 749 1954 dissentiendi,
780 1890 912 1963 nempe
941 1866 1043 1964 quod
1066 1893 1144 1942 non

89 1982 186 2055 vidit
201 2006 277 2079 qua
293 1980 441 2054 ratione
453 1991 544 2054 etc:
563 1979 648 2053 dico
662 2003 744 2052 eam
761 2003 836 2052 non
855 2003 935 2052 esse
953 1975 1145 2055 sufficien-

88 2108 164 2168 tem
183 2117 330 2168 causam
345 2116 459 2190 quare
472 2092 695 2181 dissentiret,
710 2092 775 2165 sed
794 2114 908 2188 quare
925 2091 1145 2188 diligentius

88 2208 351 2282 consideraret.
403 2207 534 2303 Neque
547 2206 646 2280 enim
664 2228 735 2300 ego
750 2205 827 2279 dixi
844 2205 1041 2278 durescere
1059 2230 1145 2280 cor·

12 2343 15 2348 ·
88 2345 180 2417 pora
196 2345 262 2417 per
275 2323 483 2417 ingressum
497 2319 705 2416 spirituum,
720 2341 840 2414 neque
855 2319 1055 2392 molescere
1073 2344 1147 2416 per

88 2435 228 2508 exitum
246 2433 465 2508 eorundem:
492 2432 556 2506 sed
574 2432 724 2529 spiritus
739 2432 893 2504 subtiles
910 2443 947 2505 et
965 2432 1144 2527 liquidoS,

87 2548 322 2621 vehementia
349 2559 470 2620 motus
496 2548 564 2636 sui,
592 2569 699 2642 posse
726 2546 951 2618 constituere
980 2571 1144 2642 corpora

88 2661 192 2750 dura,
222 2673 265 2734 ut
294 2659 540 2749 adamantem,
568 2671 608 2731 et
638 2659 841 2732 lenitudine
871 2660 943 2731 alia
977 2684 1140 2754 corpora

87 2774 222 2862 mollia,
240 2787 283 2848 ut
296 2798 430 2871 aquam
443 2773 501 2847 vel
519 2797 654 2846 aerem.
683 2773 909 2868 Hypothesis
927 2787 1049 2846 autem
1071 2774 1139 2847 illa

85 2887 329 2960 vehementiae
340 2901 462 2960 motus
473 2885 668 2981 spirituum
681 2885 719 2957 in
731 2909 805 2958 uno
815 2909 971 2982 corpore
982 2888 1137 2981 majoris

86 3024 196 3097 quam
214 3001 254 3073 in
279 3000 364 3089 alio,
382 3000 430 3073 ad
448 2998 664 3072 salvandum
681 2999 950 3094 phaenomenon
969 3000 1137 3088 duritiei,

83 3114 177 3186 mihi
194 3113 341 3210 quidem
358 3136 435 3186 uon
451 3112 598 3185 videtur
620 3111 774 3185 inferior
800 3113 863 3185 illa
880 3112 1019 3185 domini
1042 3114 1138 3189 Des-

85 3240 218 3316 cartes,
252 3228 317 3323 qui
356 3227 462 3323 ponit
502 3237 712 3299 atomorum
750 3249 899 3298 suarum
940 3225 1058 3299 nodos
1095 3245 1136 3303 et

84 3339 352 3436 implicationes
386 3339 575 3436 quasdam,
609 3341 742 3435 quibus
775 3351 898 3435 partes
934 3363 1135 3435 corporum

83 3450 260 3526 durorum
277 3451 438 3525 debeant
455 3453 650 3525 cohaerere.
703 3451 742 3523 Si
757 3452 838 3546 quis
852 3452 949 3523 enim
970 3453 1132 3527 interro-

82 3578 190 3660 garet
202 3565 317 3654 illum,
325 3565 617 3660 quibusvinculis
627 3578 666 3637 et
676 3565 809 3660 quibus
820 3565 928 3637 nodis
939 3567 1134 3660 particulae

83 3677 230 3751 illarum
242 3679 403 3774 partium
417 3679 649 3764 crassiorum,
662 3700 753 3772 quas
771 3677 810 3748 in
824 3677 924 3750 duris
943 3682 1132 3774 supponit,

83 3790 183 3865 inter
199 3815 238 3865 se
255 3792 479 3877 cohaereant,
496 3791 608 3864 credo
626 3791 800 3863 haereret:
827 3815 947 3886 neque
961 3816 999 3863 se
1017 3795 1133 3869 sciret

82 3904 158 3978 ullo
175 3905 286 3977 modo
303 3905 434 3977 melius
452 3904 645 3990 extricare,
663 3926 773 3998 quam
791 3905 1033 3999 supponendo
1053 3931 1133 3979 mo·

82 4029 163 4092 tum
190 4018 350 4113 aliquem
376 4018 541 4091 materiae
563 4016 707 4089 subtilis
732 4018 770 4087 in
792 4018 864 4089 illis
882 4018 970 4113 ipsis
994 4021 1131 4094 atomis

82 4156 172 4231 quas
189 4134 295 4231 ponit
310 4157 378 4230 pro
403 4134 575 4207 minimis

131 4249 233 4322 Dicis
250 4247 374 4335 tertio,
388 4245 487 4343 quod
504 4247 567 4319 ubi
580 4246 735 4319 dixerim
753 4248 856 4319 illum
875 4249 1008 4321 clarius
1026 4251 1130 4325 locu-

80 4375 206 4437 turum
218 4363 342 4447 fuisse,
353 4361 384 4434 si
402 4384 469 4456 pro
483 4360 787 4433 determinatione
798 4363 980 4457 posuisset
995 4375 1130 4438 motuum

80 4476 373 4563 determinatum,
392 4499 475 4547 eum
494 4475 584 4546 mihi
602 4498 677 4546 non
694 4477 875 4560 assentiri,
892 4475 956 4547 sed
974 4500 1128 4570 respon-

81 4590 168 4665 dere
185 4593 241 4665 his
258 4590 396 4664 verbis:
424 4590 531 4662 “etsi
550 4589 646 4660 enim
667 4589 739 4660 dici
757 4591 873 4683 possit
892 4590 1129 4666 velocitatem
