<?xml version="1.0" encoding="UTF-8"?>
<!DOCTYPE html PUBLIC "-//W3C//DTD XHTML 1.0 Transitional//EN"
    "http://www.w3.org/TR/xhtml1/DTD/xhtml1-transitional.dtd">
<html xmlns="http://www.w3.org/1999/xhtml" xml:lang="en" lang="en">
 <head>
  <title>
</title>
<meta http-equiv="Content-Type" content="text/html;charset=utf-8" />
  <meta name='ocr-system' content='tesseract 3.04.00' />
  <meta name='ocr-capabilities' content='ocr_page ocr_carea ocr_par ocr_line ocrx_word'/>
</head>
<body>
  <div class='ocr_page' id='page_1' title='image "./thomhobbesmalme00hobbgoog_0341.png"; bbox 0 0 2656 5136; ppageno 0'>
   <div class='ocr_carea' id='block_1_1' title="bbox 149 645 933 715">
    <p class='ocr_par' dir='ltr' id='par_1_1' title="bbox 149 645 933 715">
     <span class='ocr_line' id='line_1_1' title="bbox 149 645 933 715; baseline 0.001 -5"><span class='ocrx_word' id='word_1_1' title='bbox 149 645 222 711; x_wconf 81' lang='lat'><strong>330</strong></span> <span class='ocrx_word' id='word_1_2' title='bbox 405 662 460 713; x_wconf 86' lang='lat' dir='ltr'><strong>nn</strong></span> <span class='ocrx_word' id='word_1_3' title='bbox 487 662 770 715; x_wconf 77' lang='lat' dir='ltr'><strong>urnsnruruus</strong></span> <span class='ocrx_word' id='word_1_4' title='bbox 798 660 933 714; x_wconf 75' lang='lat' dir='ltr'><strong>ancer.</strong></span> 
     </span>
    </p>
   </div>
   <div class='ocr_carea' id='block_1_2' title="bbox 61 822 1161 1507">
    <p class='ocr_par' dir='ltr' id='par_1_2' title="bbox 147 822 1161 1399">
     <span class='ocr_line' id='line_1_2' title="bbox 147 822 1161 912; baseline 0.007 -24"><span class='ocrx_word' id='word_1_5' title='bbox 147 822 345 889; x_wconf 86' lang='lat' dir='ltr'><strong>Festinantis</strong></span> <span class='ocrx_word' id='word_1_6' title='bbox 358 825 455 910; x_wconf 90' lang='lat' dir='ltr'><strong>equi;</strong></span> <span class='ocrx_word' id='word_1_7' title='bbox 477 834 577 911; x_wconf 83' lang='lat' dir='ltr'><strong>atque</strong></span> <span class='ocrx_word' id='word_1_8' title='bbox 592 848 657 891; x_wconf 85' lang='lat' dir='ltr'><strong>una</strong></span> <span class='ocrx_word' id='word_1_9' title='bbox 669 836 726 891; x_wconf 89' lang='lat' dir='ltr'><strong>aut</strong></span> <span class='ocrx_word' id='word_1_10' title='bbox 746 824 841 912; x_wconf 77' lang='lat' dir='ltr'><strong>paulo</strong></span> <span class='ocrx_word' id='word_1_11' title='bbox 855 824 999 912; x_wconf 70' lang='lat' dir='ltr'><strong>amplius</strong></span> <span class='ocrx_word' id='word_1_12' title='bbox 1013 824 1106 895; x_wconf 78' lang='lat' dir='ltr'><strong>born‘</strong></span> <span class='ocrx_word' id='word_1_13' title='bbox 1153 826 1161 835; x_wconf 84' lang='grc'><em>“</em></span> 
     </span>
     <span class='ocr_line' id='line_1_3' title="bbox 147 921 949 1009; baseline 0.005 -23"><span class='ocrx_word' id='word_1_14' title='bbox 147 921 328 1009; x_wconf 81' lang='lat' dir='ltr'><strong>Praecipitis</strong></span> <span class='ocrx_word' id='word_1_15' title='bbox 344 924 479 989; x_wconf 85' lang='lat' dir='ltr'><strong>ferimur</strong></span> <span class='ocrx_word' id='word_1_16' title='bbox 492 925 600 991; x_wconf 87' lang='lat' dir='ltr'><strong>subita</strong></span> <span class='ocrx_word' id='word_1_17' title='bbox 613 925 655 991; x_wconf 86' lang='lat' dir='ltr'><strong>ad</strong></span> <span class='ocrx_word' id='word_1_18' title='bbox 668 924 805 991; x_wconf 79' lang='lat' dir='ltr'><strong>declivia</strong></span> <span class='ocrx_word' id='word_1_19' title='bbox 819 924 949 991; x_wconf 88' lang='lat' dir='ltr'><strong>montis.</strong></span> 
     </span>
     <span class='ocr_line' id='line_1_4' title="bbox 147 1021 1101 1111; baseline 0.008 -25"><span class='ocrx_word' id='word_1_20' title='bbox 147 1021 293 1087; x_wconf 90' lang='lat' dir='ltr'><strong>Pronum</strong></span> <span class='ocrx_word' id='word_1_21' title='bbox 307 1033 377 1087; x_wconf 88' lang='lat' dir='ltr'><strong>erat</strong></span> <span class='ocrx_word' id='word_1_22' title='bbox 390 1021 467 1089; x_wconf 87' lang='lat' dir='ltr'><strong>hino</strong></span> <span class='ocrx_word' id='word_1_23' title='bbox 480 1023 589 1090; x_wconf 84' lang='lat' dir='ltr'><strong>vicum</strong></span> <span class='ocrx_word' id='word_1_24' title='bbox 604 1025 785 1111; x_wconf 85' lang='lat' dir='ltr'><strong>subjeetum</strong></span> <span class='ocrx_word' id='word_1_25' title='bbox 799 1023 921 1090; x_wconf 85' lang='lat' dir='ltr'><strong>intrare</strong></span> <span class='ocrx_word' id='word_1_26' title='bbox 935 1024 1101 1094; x_wconf 79' lang='lat' dir='ltr'><strong>osdendo.</strong></span> 
     </span>
     <span class='ocr_line' id='line_1_5' title="bbox 150 1121 951 1209; baseline 0.001 -21"><span class='ocrx_word' id='word_1_27' title='bbox 150 1121 216 1188; x_wconf 87' lang='lat' dir='ltr'><strong>Sed</strong></span> <span class='ocrx_word' id='word_1_28' title='bbox 229 1121 322 1188; x_wconf 90' lang='lat' dir='ltr'><strong>nobis</strong></span> <span class='ocrx_word' id='word_1_29' title='bbox 337 1123 471 1209; x_wconf 86' lang='lat' dir='ltr'><strong>ambage</strong></span> <span class='ocrx_word' id='word_1_30' title='bbox 485 1122 571 1188; x_wconf 85' lang='lat' dir='ltr'><strong>viam</strong></span> <span class='ocrx_word' id='word_1_31' title='bbox 585 1133 620 1189; x_wconf 91' lang='lat' dir='ltr'><strong>et</strong></span> <span class='ocrx_word' id='word_1_32' title='bbox 632 1134 728 1189; x_wconf 79' lang='lat' dir='ltr'><strong>cauto</strong></span> <span class='ocrx_word' id='word_1_33' title='bbox 742 1122 823 1209; x_wconf 86' lang='lat' dir='ltr'><strong>pede</strong></span> <span class='ocrx_word' id='word_1_34' title='bbox 837 1122 951 1189; x_wconf 85' lang='lat' dir='ltr'><strong>tritam</strong></span> 
     </span>
     <span class='ocr_line' id='line_1_6' title="bbox 148 1219 1022 1310; baseline 0 -25"><span class='ocrx_word' id='word_1_35' title='bbox 148 1219 203 1287; x_wconf 88' lang='lat' dir='ltr'><strong>Ire</strong></span> <span class='ocrx_word' id='word_1_36' title='bbox 217 1220 342 1307; x_wconf 82' lang='lat' dir='ltr'><strong>plaset3</strong></span> <span class='ocrx_word' id='word_1_37' title='bbox 365 1219 568 1306; x_wconf 90' lang='lat' dir='ltr'><strong>primumque</strong></span> <span class='ocrx_word' id='word_1_38' title='bbox 582 1222 624 1287; x_wconf 83' lang='lat' dir='ltr'><strong>ad</strong></span> <span class='ocrx_word' id='word_1_39' title='bbox 637 1221 768 1289; x_wconf 88' lang='lat' dir='ltr'><strong>dextras</strong></span> <span class='ocrx_word' id='word_1_40' title='bbox 782 1223 848 1289; x_wconf 87' lang='lat' dir='ltr'><strong>sole</strong></span> <span class='ocrx_word' id='word_1_41' title='bbox 861 1233 1022 1310; x_wconf 61' lang='lat' dir='ltr'><strong>recepta.</strong></span> 
     </span>
     <span class='ocr_line' id='line_1_7' title="bbox 149 1319 893 1399; baseline 0.001 -14"><span class='ocrx_word' id='word_1_42' title='bbox 149 1319 196 1386; x_wconf 86' lang='lat' dir='ltr'><strong>Et</strong></span> <span class='ocrx_word' id='word_1_43' title='bbox 209 1343 284 1386; x_wconf 83' lang='lat' dir='ltr'><strong>mon</strong></span> <span class='ocrx_word' id='word_1_44' title='bbox 299 1320 458 1386; x_wconf 81' lang='lat' dir='ltr'><strong>conversis</strong></span> <span class='ocrx_word' id='word_1_45' title='bbox 471 1320 554 1387; x_wconf 84' lang='lat' dir='ltr'><strong>laevo</strong></span> <span class='ocrx_word' id='word_1_46' title='bbox 567 1320 757 1388; x_wconf 85' lang='lat' dir='ltr'><strong>deseendere</strong></span> <span class='ocrx_word' id='word_1_47' title='bbox 771 1321 893 1399; x_wconf 90' lang='lat' dir='ltr'><strong>eodem,</strong></span> 
     </span>
    </p>

    <p class='ocr_par' dir='ltr' id='par_1_3' title="bbox 61 1419 1006 1507">
     <span class='ocr_line' id='line_1_8' title="bbox 61 1419 1006 1507; baseline 0.001 -20"><span class='ocrx_word' id='word_1_48' title='bbox 61 1428 124 1490; x_wconf 90' lang='lat'><strong>160</strong></span> <span class='ocrx_word' id='word_1_49' title='bbox 149 1419 321 1497; x_wconf 82' lang='lat' dir='ltr'><strong>Paulatim,</strong></span> <span class='ocrx_word' id='word_1_50' title='bbox 337 1430 371 1486; x_wconf 89' lang='lat' dir='ltr'><strong>et</strong></span> <span class='ocrx_word' id='word_1_51' title='bbox 384 1420 519 1507; x_wconf 85' lang='lat' dir='ltr'><strong>pedibus</strong></span> <span class='ocrx_word' id='word_1_52' title='bbox 531 1431 657 1487; x_wconf 84' lang='lat' dir='ltr'><strong>nosmet</strong></span> <span class='ocrx_word' id='word_1_53' title='bbox 670 1421 860 1488; x_wconf 84' lang='lat' dir='ltr'><strong>eonoredere</strong></span> <span class='ocrx_word' id='word_1_54' title='bbox 873 1422 1006 1488; x_wconf 82' lang='lat' dir='ltr'><strong>nostris.</strong></span> 
     </span>
    </p>
   </div>
   <div class='ocr_carea' id='block_1_3' title="bbox 64 1518 1131 4288">
    <p class='ocr_par' dir='ltr' id='par_1_4' title="bbox 64 1518 1131 4288">
     <span class='ocr_line' id='line_1_9' title="bbox 149 1518 992 1605; baseline 0.004 -18"><span class='ocrx_word' id='word_1_55' title='bbox 149 1518 339 1587; x_wconf 85' lang='lat' dir='ltr'><strong>Conseensis</strong></span> <span class='ocrx_word' id='word_1_56' title='bbox 353 1519 407 1586; x_wconf 88' lang='lat' dir='ltr'><strong>hio</strong></span> <span class='ocrx_word' id='word_1_57' title='bbox 419 1543 530 1587; x_wconf 88' lang='lat' dir='ltr'><strong>rursus</strong></span> <span class='ocrx_word' id='word_1_58' title='bbox 543 1521 645 1605; x_wconf 90' lang='lat' dir='ltr'><strong>equis,</strong></span> <span class='ocrx_word' id='word_1_59' title='bbox 660 1523 720 1588; x_wconf 91' lang='lat' dir='ltr'><strong>sub</strong></span> <span class='ocrx_word' id='word_1_60' title='bbox 734 1531 845 1587; x_wconf 84' lang='lat' dir='ltr'><strong>monto</strong></span> <span class='ocrx_word' id='word_1_61' title='bbox 858 1519 992 1590; x_wconf 84' lang='lat' dir='ltr'><strong>sinistro</strong></span> 
     </span>
     <span class='ocr_line' id='line_1_10' title="bbox 148 1618 965 1706; baseline 0.001 -22"><span class='ocrx_word' id='word_1_62' title='bbox 148 1618 312 1684; x_wconf 86' lang='lat' dir='ltr'><strong>Intramus</strong></span> <span class='ocrx_word' id='word_1_63' title='bbox 326 1641 455 1706; x_wconf 85' lang='lat' dir='ltr'><strong>pagum,</strong></span> <span class='ocrx_word' id='word_1_64' title='bbox 470 1619 528 1704; x_wconf 92' lang='lat' dir='ltr'><strong>qui</strong></span> <span class='ocrx_word' id='word_1_65' title='bbox 541 1642 666 1685; x_wconf 89' lang='lat' dir='ltr'><strong>summa</strong></span> <span class='ocrx_word' id='word_1_66' title='bbox 679 1619 713 1685; x_wconf 94' lang='lat' dir='ltr'><strong>in</strong></span> <span class='ocrx_word' id='word_1_67' title='bbox 728 1641 807 1705; x_wconf 91' lang='lat' dir='ltr'><strong>rupe</strong></span> <span class='ocrx_word' id='word_1_68' title='bbox 821 1619 965 1685; x_wconf 82' lang='lat' dir='ltr'><strong>loeutum</strong></span> 
     </span>
     <span class='ocr_line' id='line_1_11' title="bbox 149 1718 932 1804; baseline 0 -21"><span class='ocrx_word' id='word_1_69' title='bbox 149 1719 329 1804; x_wconf 86' lang='lat' dir='ltr'><strong>Aspeetare</strong></span> <span class='ocrx_word' id='word_1_70' title='bbox 338 1719 443 1803; x_wconf 88' lang='lat' dir='ltr'><strong>jubet,</strong></span> <span class='ocrx_word' id='word_1_71' title='bbox 458 1719 596 1785; x_wconf 85' lang='lat' dir='ltr'><strong>deducto</strong></span> <span class='ocrx_word' id='word_1_72' title='bbox 610 1718 749 1796; x_wconf 86' lang='lat' dir='ltr'><strong>nomine,</strong></span> <span class='ocrx_word' id='word_1_73' title='bbox 766 1718 932 1784; x_wconf 55' lang='lat' dir='ltr'><strong>eaerum&amp;</strong></span> 
     </span>
     <span class='ocr_line' id='line_1_12' title="bbox 151 1815 959 1903; baseline 0 -18"><span class='ocrx_word' id='word_1_74' title='bbox 151 1815 302 1885; x_wconf 76' lang='lat' dir='ltr'><strong>Castrum</strong></span> <span class='ocrx_word' id='word_1_75' title='bbox 316 1840 381 1884; x_wconf 93' lang='lat' dir='ltr'><strong>non</strong></span> <span class='ocrx_word' id='word_1_76' title='bbox 395 1817 503 1903; x_wconf 80' lang='lat' dir='ltr'><strong>aliquo</strong></span> <span class='ocrx_word' id='word_1_77' title='bbox 517 1818 674 1885; x_wconf 88' lang='lat' dir='ltr'><strong>bellorum</strong></span> <span class='ocrx_word' id='word_1_78' title='bbox 688 1817 814 1903; x_wconf 82' lang='lat' dir='ltr'><strong>insigne</strong></span> <span class='ocrx_word' id='word_1_79' title='bbox 827 1817 959 1895; x_wconf 81' lang='lat' dir='ltr'><strong>labore3</strong></span> 
     </span>
     <span class='ocr_line' id='line_1_13' title="bbox 150 1916 1025 2005; baseline 0.006 -24"><span class='ocrx_word' id='word_1_80' title='bbox 150 1916 186 1981; x_wconf 92' lang='lat' dir='ltr'>N</span> <span class='ocrx_word' id='word_1_81' title='bbox 186 1940 228 1982; x_wconf 95' lang='lat' dir='ltr'><strong>on</strong></span> <span class='ocrx_word' id='word_1_82' title='bbox 242 1940 404 2004; x_wconf 85' lang='lat' dir='ltr'><strong>magnum,</strong></span> <span class='ocrx_word' id='word_1_83' title='bbox 418 1940 483 1984; x_wconf 94' lang='lat' dir='ltr'><strong>non</strong></span> <span class='ocrx_word' id='word_1_84' title='bbox 496 1917 575 1984; x_wconf 82' lang='lat' dir='ltr'><strong>artis</strong></span> <span class='ocrx_word' id='word_1_85' title='bbox 589 1941 670 2005; x_wconf 91' lang='lat' dir='ltr'><strong>opus</strong></span> <span class='ocrx_word' id='word_1_86' title='bbox 683 1916 876 2004; x_wconf 79' lang='lat' dir='ltr'><strong>spectabile3</strong></span> <span class='ocrx_word' id='word_1_87' title='bbox 899 1918 1025 1986; x_wconf 82' lang='lat' dir='ltr'><strong>nostris</strong></span> 
     </span>
     <span class='ocr_line' id='line_1_14' title="bbox 150 2015 939 2105; baseline 0.003 -24"><span class='ocrx_word' id='word_1_88' title='bbox 150 2015 260 2104; x_wconf 88' lang='lat' dir='ltr'><strong>Impar</strong></span> <span class='ocrx_word' id='word_1_89' title='bbox 274 2017 452 2095; x_wconf 88' lang='lat' dir='ltr'><strong>tormentis,</strong></span> <span class='ocrx_word' id='word_1_90' title='bbox 467 2040 527 2084; x_wconf 90' lang='lat' dir='ltr'><strong>neo</strong></span> <span class='ocrx_word' id='word_1_91' title='bbox 540 2016 790 2105; x_wconf 75' lang='lat' dir='ltr'>inexpugnabile</span> <span class='ocrx_word' id='word_1_92' title='bbox 805 2015 939 2103; x_wconf 80' lang='lat' dir='ltr'><strong>priscis3</strong></span> 
     </span>
     <span class='ocr_line' id='line_1_15' title="bbox 150 2115 939 2202; baseline -0.003 -20"><span class='ocrx_word' id='word_1_93' title='bbox 150 2115 337 2201; x_wconf 86' lang='lat' dir='ltr'><strong>Antiquam</strong></span> <span class='ocrx_word' id='word_1_94' title='bbox 353 2126 470 2194; x_wconf 77' lang='lat' dir='ltr'><strong>tamem</strong></span> <span class='ocrx_word' id='word_1_95' title='bbox 484 2126 519 2183; x_wconf 88' lang='lat' dir='ltr'><strong>et</strong></span> <span class='ocrx_word' id='word_1_96' title='bbox 531 2139 610 2183; x_wconf 87' lang='lat' dir='ltr'><strong>saxo</strong></span> <span class='ocrx_word' id='word_1_97' title='bbox 623 2138 719 2202; x_wconf 89' lang='lat' dir='ltr'><strong>super</strong></span> <span class='ocrx_word' id='word_1_98' title='bbox 733 2116 939 2193; x_wconf 85' lang='lat' dir='ltr'><strong>aedifioetum,</strong></span> 
     </span>
     <span class='ocr_line' id='line_1_16' title="bbox 152 2214 1025 2293; baseline 0.001 -11"><span class='ocrx_word' id='word_1_99' title='bbox 152 2214 298 2282; x_wconf 83' lang='lat' dir='ltr'>Sustinet</span> <span class='ocrx_word' id='word_1_100' title='bbox 311 2238 478 2293; x_wconf 86' lang='lat' dir='ltr'><strong>annorum,</strong></span> <span class='ocrx_word' id='word_1_101' title='bbox 493 2224 662 2283; x_wconf 85' lang='lat' dir='ltr'><strong>ventorum</strong></span> <span class='ocrx_word' id='word_1_102' title='bbox 676 2214 877 2281; x_wconf 78' lang='lat' dir='ltr'><strong>incommoda</strong></span> <span class='ocrx_word' id='word_1_103' title='bbox 890 2216 1025 2283; x_wconf 79' lang='lat' dir='ltr'><strong>temnit.</strong></span> 
     </span>
     <span class='ocr_line' id='line_1_17' title="bbox 149 2313 1008 2401; baseline 0.003 -21"><span class='ocrx_word' id='word_1_104' title='bbox 149 2314 300 2382; x_wconf 80' lang='lat' dir='ltr'><strong>Forsitan</strong></span> <span class='ocrx_word' id='word_1_105' title='bbox 314 2326 349 2381; x_wconf 87' lang='lat' dir='ltr'><strong>et</strong></span> <span class='ocrx_word' id='word_1_106' title='bbox 362 2314 499 2382; x_wconf 87' lang='lat' dir='ltr'><strong>dominis</strong></span> <span class='ocrx_word' id='word_1_107' title='bbox 513 2317 573 2382; x_wconf 89' lang='lat' dir='ltr'><strong>sub</strong></span> <span class='ocrx_word' id='word_1_108' title='bbox 587 2313 913 2401; x_wconf 90' lang='lat' dir='ltr'><strong>plumbi-potentibus</strong></span> <span class='ocrx_word' id='word_1_109' title='bbox 927 2315 1008 2382; x_wconf 91' lang='lat' dir='ltr'><strong>olim</strong></span> 
     </span>
     <span class='ocr_line' id='line_1_18' title="bbox 64 2413 897 2500; baseline -0.007 -16"><span class='ocrx_word' id='word_1_110' title='bbox 64 2421 125 2486; x_wconf 82' lang='lat'><strong>170</strong></span> <span class='ocrx_word' id='word_1_111' title='bbox 150 2413 331 2480; x_wconf 87' lang='lat' dir='ltr'><strong>Latronum</strong></span> <span class='ocrx_word' id='word_1_112' title='bbox 344 2414 452 2500; x_wconf 87' lang='lat' dir='ltr'><strong>potuit</strong></span> <span class='ocrx_word' id='word_1_113' title='bbox 466 2413 589 2479; x_wconf 90' lang='lat' dir='ltr'><strong>subitos</strong></span> <span class='ocrx_word' id='word_1_114' title='bbox 603 2437 711 2480; x_wconf 80' lang='lat' dir='ltr'><strong>arcere</strong></span> <span class='ocrx_word' id='word_1_115' title='bbox 725 2414 897 2480; x_wconf 88' lang='lat' dir='ltr'><strong>tumultus.</strong></span> 
     </span>
     <span class='ocr_line' id='line_1_19' title="bbox 150 2512 954 2578; baseline 0.001 -1"><span class='ocrx_word' id='word_1_116' title='bbox 150 2513 186 2578; x_wconf 86' lang='lat' dir='ltr'>A</span> <span class='ocrx_word' id='word_1_117' title='bbox 204 2514 313 2577; x_wconf 77' lang='lat' dir='ltr'><strong>Castro</strong></span> <span class='ocrx_word' id='word_1_118' title='bbox 327 2512 436 2577; x_wconf 87' lang='lat' dir='ltr'><strong>statim</strong></span> <span class='ocrx_word' id='word_1_119' title='bbox 450 2535 541 2577; x_wconf 93' lang='lat' dir='ltr'><strong>mons</strong></span> <span class='ocrx_word' id='word_1_120' title='bbox 555 2513 670 2577; x_wconf 83' lang='lat' dir='ltr'><strong>scissus</strong></span> <span class='ocrx_word' id='word_1_121' title='bbox 685 2513 829 2578; x_wconf 85' lang='lat' dir='ltr'><strong>detumet</strong></span> <span class='ocrx_word' id='word_1_122' title='bbox 843 2514 954 2578; x_wconf 87' lang='lat' dir='ltr'><strong>ambas</strong></span> 
     </span>
     <span class='ocr_line' id='line_1_20' title="bbox 149 2610 882 2697; baseline -0.001 -20"><span class='ocrx_word' id='word_1_123' title='bbox 149 2611 191 2677; x_wconf 96' lang='lat' dir='ltr'><strong>In</strong></span> <span class='ocrx_word' id='word_1_124' title='bbox 207 2621 313 2696; x_wconf 87' lang='lat' dir='ltr'><strong>partes</strong></span> <span class='ocrx_word' id='word_1_125' title='bbox 325 2633 333 2686; x_wconf 93' lang='lat'>;</span> <span class='ocrx_word' id='word_1_126' title='bbox 356 2610 447 2675; x_wconf 88' lang='lat' dir='ltr'><strong>velut</strong></span> <span class='ocrx_word' id='word_1_127' title='bbox 461 2610 613 2676; x_wconf 85' lang='lat' dir='ltr'><strong>inclinato</strong></span> <span class='ocrx_word' id='word_1_128' title='bbox 627 2635 759 2697; x_wconf 86' lang='lat' dir='ltr'><strong>corpore</strong></span> <span class='ocrx_word' id='word_1_129' title='bbox 773 2621 882 2676; x_wconf 90' lang='lat' dir='ltr'><strong>nostro</strong></span> 
     </span>
     <span class='ocr_line' id='line_1_21' title="bbox 151 2710 939 2798; baseline 0 -22"><span class='ocrx_word' id='word_1_130' title='bbox 151 2711 193 2776; x_wconf 93' lang='lat' dir='ltr'><strong>In</strong></span> <span class='ocrx_word' id='word_1_131' title='bbox 207 2733 300 2775; x_wconf 88' lang='lat' dir='ltr'><strong>crura</strong></span> <span class='ocrx_word' id='word_1_132' title='bbox 315 2719 462 2776; x_wconf 74' lang='lat' dir='ltr'><strong>extantes</strong></span> <span class='ocrx_word' id='word_1_133' title='bbox 476 2710 651 2798; x_wconf 87' lang='lat' dir='ltr'><strong>deturgent</strong></span> <span class='ocrx_word' id='word_1_134' title='bbox 664 2723 803 2796; x_wconf 90' lang='lat' dir='ltr'><strong>utraque</strong></span> <span class='ocrx_word' id='word_1_135' title='bbox 818 2711 939 2777; x_wconf 89' lang='lat' dir='ltr'><strong>olunes.</strong></span> 
     </span>
     <span class='ocr_line' id='line_1_22' title="bbox 151 2809 992 2894; baseline 0.002 -20"><span class='ocrx_word' id='word_1_136' title='bbox 151 2809 193 2874; x_wconf 92' lang='lat' dir='ltr'><strong>In</strong></span> <span class='ocrx_word' id='word_1_137' title='bbox 208 2809 312 2874; x_wconf 87' lang='lat' dir='ltr'><strong>medio</strong></span> <span class='ocrx_word' id='word_1_138' title='bbox 327 2809 415 2873; x_wconf 88' lang='lat' dir='ltr'><strong>sinus</strong></span> <span class='ocrx_word' id='word_1_139' title='bbox 429 2818 491 2874; x_wconf 86' lang='lat' dir='ltr'><strong>est:</strong></span> <span class='ocrx_word' id='word_1_140' title='bbox 516 2820 613 2893; x_wconf 88' lang='lat' dir='ltr'><strong>atque</strong></span> <span class='ocrx_word' id='word_1_141' title='bbox 628 2811 822 2876; x_wconf 82' lang='lat' dir='ltr'><strong>erectissima</strong></span> <span class='ocrx_word' id='word_1_142' title='bbox 836 2809 992 2894; x_wconf 89' lang='lat' dir='ltr'><strong>utrinque</strong></span> 
     </span>
     <span class='ocr_line' id='line_1_23' title="bbox 151 2909 981 2996; baseline 0 -21"><span class='ocrx_word' id='word_1_143' title='bbox 151 2909 273 2996; x_wconf 83' lang='lat' dir='ltr'>Rupes,</span> <span class='ocrx_word' id='word_1_144' title='bbox 289 2931 362 2994; x_wconf 79' lang='lat' dir='ltr'><strong>quar</strong></span> <span class='ocrx_word' id='word_1_145' title='bbox 377 2909 500 2995; x_wconf 84' lang='lat' dir='ltr'><strong>ingenti</strong></span> <span class='ocrx_word' id='word_1_146' title='bbox 515 2910 689 2975; x_wconf 82' lang='lat' dir='ltr'><strong>redituram</strong></span> <span class='ocrx_word' id='word_1_147' title='bbox 704 2911 844 2996; x_wconf 89' lang='lat' dir='ltr'><strong>pondere</strong></span> <span class='ocrx_word' id='word_1_148' title='bbox 859 2920 981 2975; x_wconf 86' lang='lat' dir='ltr'><strong>terrum</strong></span> 
     </span>
     <span class='ocr_line' id='line_1_24' title="bbox 150 3008 978 3095; baseline 0.002 -22"><span class='ocrx_word' id='word_1_149' title='bbox 150 3008 311 3086; x_wconf 79' lang='lat' dir='ltr'><strong>Destinet,</strong></span> <span class='ocrx_word' id='word_1_150' title='bbox 327 3019 361 3074; x_wconf 91' lang='lat' dir='ltr'><strong>et</strong></span> <span class='ocrx_word' id='word_1_151' title='bbox 375 3008 455 3074; x_wconf 90' lang='lat' dir='ltr'><strong>tutis</strong></span> <span class='ocrx_word' id='word_1_152' title='bbox 470 3010 637 3075; x_wconf 85' lang='lat' dir='ltr'><strong>succedere</strong></span> <span class='ocrx_word' id='word_1_153' title='bbox 652 3011 692 3074; x_wconf 86' lang='lat' dir='ltr'><strong>ad</strong></span> <span class='ocrx_word' id='word_1_154' title='bbox 707 3011 820 3075; x_wconf 90' lang='lat' dir='ltr'><strong>intima</strong></span> <span class='ocrx_word' id='word_1_155' title='bbox 835 3020 978 3095; x_wconf 72' lang='lat' dir='ltr'><strong>praestat.</strong></span> 
     </span>
     <span class='ocr_line' id='line_1_25' title="bbox 148 3108 1056 3195; baseline 0.004 -21"><span class='ocrx_word' id='word_1_156' title='bbox 148 3108 227 3175; x_wconf 82' lang='lat' dir='ltr'><strong>Jam</strong></span> <span class='ocrx_word' id='word_1_157' title='bbox 243 3119 375 3176; x_wconf 85' lang='lat' dir='ltr'><strong>ventum</strong></span> <span class='ocrx_word' id='word_1_158' title='bbox 390 3119 440 3175; x_wconf 91' lang='lat' dir='ltr'><strong>est</strong></span> <span class='ocrx_word' id='word_1_159' title='bbox 453 3108 570 3195; x_wconf 88' lang='lat' dir='ltr'><strong>(pudet</strong></span> <span class='ocrx_word' id='word_1_160' title='bbox 585 3109 689 3192; x_wconf 84' lang='lat' dir='ltr'><strong>effari)</strong></span> <span class='ocrx_word' id='word_1_161' title='bbox 705 3110 867 3175; x_wconf 81' lang='lat' dir='ltr'><strong>Plutonis²</strong></span> <span class='ocrx_word' id='word_1_162' title='bbox 883 3109 924 3174; x_wconf 89' lang='lat' dir='ltr'><strong>ad</strong></span> <span class='ocrx_word' id='word_1_163' title='bbox 938 3134 1056 3192; x_wconf 87' lang='lat' dir='ltr'><strong>anum,</strong></span> 
     </span>
     <span class='ocr_line' id='line_1_26' title="bbox 149 3207 1131 3295; baseline 0.007 -21"><span class='ocrx_word' id='word_1_164' title='bbox 149 3208 217 3290; x_wconf 79' lang='lat' dir='ltr'><strong>(Ut</strong></span> <span class='ocrx_word' id='word_1_165' title='bbox 231 3207 374 3274; x_wconf 82' lang='lat' dir='ltr'><strong>vocitant</strong></span> <span class='ocrx_word' id='word_1_166' title='bbox 387 3207 561 3295; x_wconf 89' lang='lat' dir='ltr'><strong>plerique):</strong></span> <span class='ocrx_word' id='word_1_167' title='bbox 578 3208 639 3273; x_wconf 91' lang='lat' dir='ltr'><strong>looi</strong></span> <span class='ocrx_word' id='word_1_168' title='bbox 654 3220 748 3274; x_wconf 87' lang='lat' dir='ltr'><strong>vocat</strong></span> <span class='ocrx_word' id='word_1_169' title='bbox 762 3208 875 3285; x_wconf 86' lang='lat' dir='ltr'><strong>incola,</strong></span> <span class='ocrx_word' id='word_1_170' title='bbox 891 3209 1131 3281; x_wconf 63' lang='lat' dir='ltr'><strong>Profa-Arse.</strong></span> 
     </span>
     <span class='ocr_line' id='line_1_27' title="bbox 150 3307 906 3393; baseline -0.001 -21"><span class='ocrx_word' id='word_1_171' title='bbox 150 3307 270 3374; x_wconf 90' lang='lat' dir='ltr'><strong>Nobile</strong></span> <span class='ocrx_word' id='word_1_172' title='bbox 285 3307 445 3392; x_wconf 85' lang='lat' dir='ltr'><strong>suspensis</strong></span> <span class='ocrx_word' id='word_1_173' title='bbox 460 3307 602 3392; x_wconf 87' lang='lat' dir='ltr'><strong>aperitur</strong></span> <span class='ocrx_word' id='word_1_174' title='bbox 616 3309 752 3393; x_wconf 90' lang='lat' dir='ltr'><strong>rupibus</strong></span> <span class='ocrx_word' id='word_1_175' title='bbox 766 3320 906 3384; x_wconf 87' lang='lat' dir='ltr'><strong>antrum,</strong></span> 
     </span>
     <span class='ocr_line' id='line_1_28' title="bbox 64 3405 951 3494; baseline -0.011 -13"><span class='ocrx_word' id='word_1_176' title='bbox 64 3421 126 3481; x_wconf 90' lang='lat'><strong>180</strong></span> <span class='ocrx_word' id='word_1_177' title='bbox 150 3406 281 3494; x_wconf 80' lang='lat' dir='ltr'><strong>Ignot0³</strong></span> <span class='ocrx_word' id='word_1_178' title='bbox 293 3406 362 3483; x_wconf 90' lang='lat' dir='ltr'><strong>tibi,</strong></span> <span class='ocrx_word' id='word_1_179' title='bbox 379 3406 509 3482; x_wconf 72' lang='lat' dir='ltr'><strong>Phoebe,</strong></span> <span class='ocrx_word' id='word_1_180' title='bbox 525 3405 604 3482; x_wconf 87' lang='lat' dir='ltr'><strong>loco,</strong></span> <span class='ocrx_word' id='word_1_181' title='bbox 620 3408 674 3472; x_wconf 91' lang='lat' dir='ltr'><strong>sed</strong></span> <span class='ocrx_word' id='word_1_182' title='bbox 690 3408 840 3493; x_wconf 84' lang='lat' dir='ltr'><strong>segnibus</strong></span> <span class='ocrx_word' id='word_1_183' title='bbox 856 3406 951 3471; x_wconf 87' lang='lat' dir='ltr'><strong>Ursis</strong></span> 
     </span>
     <span class='ocr_line' id='line_1_29' title="bbox 151 3505 960 3594; baseline -0.001 -21"><span class='ocrx_word' id='word_1_184' title='bbox 151 3505 297 3573; x_wconf 91' lang='lat' dir='ltr'><strong>Obverso</strong></span> <span class='ocrx_word' id='word_1_185' title='bbox 311 3515 345 3571; x_wconf 85' lang='lat' dir='ltr'><strong>et</strong></span> <span class='ocrx_word' id='word_1_186' title='bbox 358 3505 491 3590; x_wconf 92' lang='lat' dir='ltr'><strong>reliquis</strong></span> <span class='ocrx_word' id='word_1_187' title='bbox 505 3507 607 3594; x_wconf 86' lang='lat' dir='ltr'><strong>mergi</strong></span> <span class='ocrx_word' id='word_1_188' title='bbox 622 3508 839 3573; x_wconf 87' lang='lat' dir='ltr'><strong>metuentibus</strong></span> <span class='ocrx_word' id='word_1_189' title='bbox 857 3507 960 3572; x_wconf 85' lang='lat' dir='ltr'><strong>astris.</strong></span> 
     </span>
     <span class='ocr_line' id='line_1_30' title="bbox 151 3604 940 3692; baseline 0 -22"><span class='ocrx_word' id='word_1_190' title='bbox 151 3604 192 3670; x_wconf 96' lang='lat' dir='ltr'><strong>In</strong></span> <span class='ocrx_word' id='word_1_191' title='bbox 207 3604 408 3692; x_wconf 83' lang='lat' dir='ltr'><strong>speciemque</strong></span> <span class='ocrx_word' id='word_1_192' title='bbox 423 3614 513 3691; x_wconf 90' lang='lat' dir='ltr'><strong>patet</strong></span> <span class='ocrx_word' id='word_1_193' title='bbox 528 3604 625 3683; x_wconf 83' lang='lat' dir='ltr'><strong>furni,</strong></span> <span class='ocrx_word' id='word_1_194' title='bbox 641 3606 693 3672; x_wconf 84' lang='lat' dir='ltr'><strong>vel</strong></span> <span class='ocrx_word' id='word_1_195' title='bbox 709 3607 846 3690; x_wconf 88' lang='lat' dir='ltr'><strong>qualiter</strong></span> <span class='ocrx_word' id='word_1_196' title='bbox 863 3606 940 3672; x_wconf 91' lang='lat' dir='ltr'><strong>Oroi</strong></span> 
     </span>
     <span class='ocr_line' id='line_1_31' title="bbox 151 3703 875 3792; baseline -0.003 -20"><span class='ocrx_word' id='word_1_197' title='bbox 151 3704 218 3772; x_wconf 87' lang='lat' dir='ltr'><strong>Ora</strong></span> <span class='ocrx_word' id='word_1_198' title='bbox 232 3704 436 3792; x_wconf 88' lang='lat' dir='ltr'><strong>perhorrifioo</strong></span> <span class='ocrx_word' id='word_1_199' title='bbox 451 3703 630 3791; x_wconf 83' lang='lat' dir='ltr'><strong>pinguntur</strong></span> <span class='ocrx_word' id='word_1_200' title='bbox 646 3704 766 3770; x_wconf 86' lang='lat' dir='ltr'><strong>hiantia</strong></span> <span class='ocrx_word' id='word_1_201' title='bbox 780 3707 875 3781; x_wconf 88' lang='lat' dir='ltr'><strong>rictu,</strong></span> 
     </span>
     <span class='ocr_line' id='line_1_32' title="bbox 151 3804 949 3881; baseline -0.003 -12"><span class='ocrx_word' id='word_1_202' title='bbox 151 3804 232 3871; x_wconf 87' lang='lat' dir='ltr'><strong>Post</strong></span> <span class='ocrx_word' id='word_1_203' title='bbox 247 3808 296 3870; x_wconf 80' lang='lat' dir='ltr'><strong>Ia</strong></span> <span class='ocrx_word' id='word_1_204' title='bbox 310 3805 465 3881; x_wconf 87' lang='lat' dir='ltr'><strong>auditum,</strong></span> <span class='ocrx_word' id='word_1_205' title='bbox 480 3806 608 3869; x_wconf 91' lang='lat' dir='ltr'><strong>turbam</strong></span> <span class='ocrx_word' id='word_1_206' title='bbox 624 3805 780 3869; x_wconf 88' lang='lat' dir='ltr'><strong>sorbentis</strong></span> <span class='ocrx_word' id='word_1_207' title='bbox 795 3807 949 3869; x_wconf 85' lang='lat' dir='ltr'><strong>abactam.</strong></span> 
     </span>
     <span class='ocr_line' id='line_1_33' title="bbox 153 3902 997 3987; baseline 0 -18"><span class='ocrx_word' id='word_1_208' title='bbox 153 3903 313 3969; x_wconf 85' lang='lat' dir='ltr'><strong>Sublimes</strong></span> <span class='ocrx_word' id='word_1_209' title='bbox 327 3904 483 3968; x_wconf 79' lang='lat' dir='ltr'><strong>intramus</strong></span> <span class='ocrx_word' id='word_1_210' title='bbox 498 3902 599 3987; x_wconf 91' lang='lat' dir='ltr'><strong>equis.</strong></span> <span class='ocrx_word' id='word_1_211' title='bbox 645 3902 749 3969; x_wconf 82' lang='lat' dir='ltr'><strong>Testa</strong></span> <span class='ocrx_word' id='word_1_212' title='bbox 762 3904 851 3968; x_wconf 89' lang='lat' dir='ltr'><strong>intus</strong></span> <span class='ocrx_word' id='word_1_213' title='bbox 865 3913 899 3967; x_wconf 84' lang='lat' dir='ltr'><strong>et</strong></span> <span class='ocrx_word' id='word_1_214' title='bbox 913 3903 997 3969; x_wconf 83' lang='lat' dir='ltr'><strong>altos</strong></span> 
     </span>
     <span class='ocr_line' id='line_1_34' title="bbox 153 4000 902 4088; baseline -0.004 -21"><span class='ocrx_word' id='word_1_215' title='bbox 153 4000 351 4088; x_wconf 84' lang='lat' dir='ltr'><strong>Suspioimus</strong></span> <span class='ocrx_word' id='word_1_216' title='bbox 366 4001 509 4066; x_wconf 88' lang='lat' dir='ltr'><strong>cumulos</strong></span> <span class='ocrx_word' id='word_1_217' title='bbox 525 4001 649 4066; x_wconf 89' lang='lat' dir='ltr'><strong>detonsi</strong></span> <span class='ocrx_word' id='word_1_218' title='bbox 664 4025 796 4066; x_wconf 87' lang='lat' dir='ltr'><strong>munera</strong></span> <span class='ocrx_word' id='word_1_219' title='bbox 812 4001 902 4087; x_wconf 84' lang='lat' dir='ltr'><strong>prati.</strong></span> 
     </span>
     <span class='ocr_line' id='line_1_35' title="bbox 144 4092 1010 4187; baseline -0.002 -19"><span class='ocrx_word' id='word_1_220' title='bbox 144 4092 216 4168; x_wconf 77' lang='lat' dir='ltr'><strong>&#39;Sed</strong></span> <span class='ocrx_word' id='word_1_221' title='bbox 231 4102 357 4168; x_wconf 85' lang='lat' dir='ltr'><strong>eoelum⁴</strong></span> <span class='ocrx_word' id='word_1_222' title='bbox 373 4100 502 4165; x_wconf 78' lang='lat' dir='ltr'><strong>attoniti</strong></span> <span class='ocrx_word' id='word_1_223' title='bbox 518 4101 670 4165; x_wconf 84' lang='lat' dir='ltr'><strong>miramur</strong></span> <span class='ocrx_word' id='word_1_224' title='bbox 685 4125 826 4177; x_wconf 86' lang='lat' dir='ltr'><strong>saxeum,</strong></span> <span class='ocrx_word' id='word_1_225' title='bbox 842 4111 879 4165; x_wconf 90' lang='lat' dir='ltr'><strong>ut</strong></span> <span class='ocrx_word' id='word_1_226' title='bbox 895 4100 1010 4187; x_wconf 84' lang='lat' dir='ltr'><strong>ingens</strong></span> 
     </span>
     <span class='ocr_line' id='line_1_36' title="bbox 153 4200 889 4288; baseline -0.004 -21"><span class='ocrx_word' id='word_1_227' title='bbox 153 4200 318 4267; x_wconf 85' lang='lat' dir='ltr'><strong>Sustineat</strong></span> <span class='ocrx_word' id='word_1_228' title='bbox 331 4200 450 4267; x_wconf 90' lang='lat' dir='ltr'><strong>montis</strong></span> <span class='ocrx_word' id='word_1_229' title='bbox 464 4201 552 4265; x_wconf 93' lang='lat' dir='ltr'><strong>nullo</strong></span> <span class='ocrx_word' id='word_1_230' title='bbox 568 4201 731 4266; x_wconf 83' lang='lat' dir='ltr'><strong>fulcimine</strong></span> <span class='ocrx_word' id='word_1_231' title='bbox 747 4201 889 4288; x_wconf 84' lang='lat' dir='ltr'><strong>pondus3</strong></span> 
     </span>
    </p>
   </div>
   <div class='ocr_carea' id='block_1_4' title="bbox 150 4424 1213 4651">
    <p class='ocr_par' dir='ltr' id='par_1_5' title="bbox 150 4424 1213 4651">
     <span class='ocr_line' id='line_1_37' title="bbox 186 4424 1213 4502; baseline 0.023 -34"><span class='ocrx_word' id='word_1_232' title='bbox 186 4427 193 4457; x_wconf 81' lang='lat'>¹</span> <span class='ocrx_word' id='word_1_233' title='bbox 208 4424 350 4478; x_wconf 71' lang='lat' dir='ltr'><strong>castleton,</strong></span> <span class='ocrx_word' id='word_1_234' title='bbox 727 4426 736 4453; x_wconf 83' lang='lat'><strong>³</strong></span> <span class='ocrx_word' id='word_1_235' title='bbox 748 4426 810 4487; x_wconf 81' lang='lat' dir='ltr'><strong>Quo</strong></span> <span class='ocrx_word' id='word_1_236' title='bbox 823 4442 961 4493; x_wconf 88' lang='lat' dir='ltr'><strong>nunquam</strong></span> <span class='ocrx_word' id='word_1_237' title='bbox 970 4431 1137 4502; x_wconf 78' lang='lat' dir='ltr'><strong>pertingunt</strong></span> <span class='ocrx_word' id='word_1_238' title='bbox 1147 4438 1213 4491; x_wconf 77' lang='lat' dir='ltr'><strong>radii</strong></span> 
     </span>
     <span class='ocr_line' id='line_1_38' title="bbox 185 4506 792 4579; baseline -0.003 -18"><span class='ocrx_word' id='word_1_239' title='bbox 185 4506 196 4538; x_wconf 78' lang='lat'>²</span> <span class='ocrx_word' id='word_1_240' title='bbox 208 4508 269 4561; x_wconf 83' lang='lat' dir='ltr'><strong>Orci</strong></span> <span class='ocrx_word' id='word_1_241' title='bbox 279 4508 380 4571; x_wconf 85' lang='lat' dir='ltr'><strong>culum,</strong></span> <span class='ocrx_word' id='word_1_242' title='bbox 388 4508 506 4579; x_wconf 57' lang='lat' dir='ltr'><strong>rtnglice,</strong></span> <span class='ocrx_word' id='word_1_243' title='bbox 516 4509 556 4562; x_wconf 77' lang='lat' dir='ltr'><strong>tlte</strong></span> <span class='ocrx_word' id='word_1_244' title='bbox 568 4507 654 4559; x_wconf 64' lang='lat' dir='ltr'><strong>derili-</strong></span> <span class='ocrx_word' id='word_1_245' title='bbox 690 4509 792 4560; x_wconf 81' lang='lat' dir='ltr'><strong>solares.</strong></span> 
     </span>
     <span class='ocr_line' id='line_1_39' title="bbox 150 4590 985 4651; baseline 0.004 -9"><span class='ocrx_word' id='word_1_246' title='bbox 150 4609 212 4643; x_wconf 77' lang='lat' dir='ltr'><strong>orae.</strong></span> <span class='ocrx_word' id='word_1_247' title='bbox 251 4590 346 4643; x_wconf 77' lang='lat' dir='ltr'><strong>Mirab.</strong></span> <span class='ocrx_word' id='word_1_248' title='bbox 361 4606 392 4645; x_wconf 86' lang='lat' dir='ltr'><strong>rr.</strong></span> <span class='ocrx_word' id='word_1_249' title='bbox 728 4590 736 4616; x_wconf 83' lang='lat'>⁴</span> <span class='ocrx_word' id='word_1_250' title='bbox 752 4591 985 4651; x_wconf 58' lang='lat' dir='ltr'><strong>lacunariorum.</strong></span> 
     </span>
    </p>
   </div>
   <div class='ocr_carea' id='block_1_5' title="bbox 0 0 1342 5136">
    <p class='ocr_par' dir='ltr' id='par_1_6' title="bbox 0 0 1342 5136">
     <span class='ocr_line' id='line_1_40' title="bbox 0 0 1342 5136; baseline 0 0"><span class='ocrx_word' id='word_1_251' title='bbox 0 0 1342 5136; x_wconf 95' lang='lat' dir='ltr'><strong> </strong></span> 
     </span>
    </p>
   </div>
  </div>
 </body>
</html>
