2656 5136
353 629 591 684 cuscianus
613 630 798 684 onuicus.
1020 615 1093 681 245

45 795 141 869 tione
172 793 345 882 refracti,
377 796 430 869 ita
462 808 519 870 eat
552 797 653 870 sinus
687 796 813 893 anguli
847 794 1094 869 inclinationis
1127 822 1211 864 ιιοι.
1224 821 1290 862 nn.

45 909 196 983 alterius
215 907 267 981 ad
280 909 401 981 sinum
414 909 540 1005 anguli
557 910 595 982 in
608 911 671 983 illa
683 909 921 983 inclinatione
933 908 1093 981 refracti.
1134 891 1276 927 ψ

45 1023 137 1097 Sunt
154 1023 289 1118 itaque
309 1021 482 1095 continue
506 1024 797 1120 proportionales
815 1023 887 1096 NK
912 1023 1012 1095 sinus
1029 1044 1095 1093 an-

46 1136 120 1232 guli
137 1135 297 1209 refracti
313 1135 353 1208 iu
369 1159 467 1224 raro,
485 1137 562 1210 MA
579 1137 679 1210 sinus
698 1135 824 1232 anguli
850 1135 1095 1209 inclinationis

46 1248 268 1336 communis,
290 1260 329 1320 et
356 1247 418 1320 LE
449 1248 551 1321 sinus
576 1249 702 1345 anguli
728 1249 877 1322 refracti
902 1249 942 1321 iu
969 1247 1094 1320 denso.

49 1360 172 1435 Quare
190 1361 224 1434 si
250 1359 326 1434 duo
343 1360 437 1434 radii
453 1362 645 1458 aequaliter
667 1362 836 1435 inclinati
860 1374 931 1434 etc.
985 1360 1098 1436 Quod

48 1486 125 1547 erat
149 1473 398 1570 probandum.

446 1684 707 1758 Corollarinm.

96 1837 339 1910 Manifestum
356 1838 443 1911 hinc
461 1847 528 1926 est,
548 1836 635 1910 dato
649 1839 731 1910 sinu
749 1837 875 1931 auguli
892 1836 1042 1909 refracti
1058 1836 1096 1908 in

52 1973 122 2025 uno
138 1950 265 2023 medio
283 1973 328 2023 ex
341 1951 468 2038 altero,
482 1961 519 2023 et
536 1949 785 2037 inclinatione,
800 1949 879 2022 duri
897 1950 1016 2022 sinum
1034 1974 1098 2022 au·

52 2065 125 2160 guli
152 2063 306 2137 refracti
333 2064 370 2136 in
389 2064 506 2137 altero
523 2063 665 2135 medio:
692 2063 749 2135 vel
768 2062 863 2135 datis
880 2062 1023 2158 angulis
1041 2085 1098 2134 re-

51 2176 176 2251 fractis
194 2177 388 2274 utriusque
406 2176 518 2249 medii
535 2177 574 2249 iu
591 2175 719 2248 eadem
746 2175 998 2264 inclinatione,
1018 2175 1098 2247 dari

51 2291 166 2387 ipsam
183 2288 480 2363 inclinationem:
498 2288 557 2360 vel
575 2287 662 2362 data
675 2289 912 2362 inclinatione
926 2313 1001 2361 una
1014 2312 1098 2360 cum

51 2404 193 2477 ratione
212 2426 325 2499 quam
341 2403 479 2476 habent
504 2402 601 2475 inter
624 2427 662 2476 se
680 2403 857 2500 obsequia
881 2403 1099 2494 mediorum,

50 2517 129 2591 dari
146 2529 296 2591 caetera.

398 2738 649 2792 PROPOSITIO
669 2740 759 2792 XIV.

49 2878 172 2954 Rodii
187 2878 389 2953 incidentia
405 2879 554 2980 oblique
566 2880 604 2954 in
621 2880 777 2955 medinm
791 2881 984 2974 diversunt,
998 2885 1102 2981 anjam

98 2993 322 3092 superficies
338 3002 396 3066 eat
413 3018 537 3077 curva,
557 2993 743 3091 refractio
762 2995 890 3069 endem
913 3008 971 3069 eat
996 3022 1043 3070 ac
1067 2997 1103 3069 ai

101 3105 298 3180 incidisset
319 3106 358 3179 in
381 3114 588 3180 contactum
598 3107 730 3206 planta
747 3109 961 3207 autperflciei
978 3110 1100 3206 ipsum

100 3243 251 3293 curuum
266 3218 527 3317 contingentia.

102 3399 162 3474 Sit
177 3397 340 3472 medium
356 3398 457 3494 quod
473 3412 529 3472 est
542 3397 639 3470 infra
651 3412 790 3470 rectam
804 3398 897 3472 FBG
915 3399 1098 3474 diversum

52 3513 99 3586 ab
117 3511 282 3608 eoquod
305 3524 361 3585 est
383 3535 505 3607 supra,
530 3512 758 3607 ducaturque
775 3511 838 3584 ΟΡ
855 3535 983 3587 secans
1004 3516 1098 3589 FBG

53 3625 91 3698 in
110 3625 143 3698 B
160 3625 209 3699 ad
224 3623 381 3721 angulos
405 3636 537 3713 rectae,
557 3626 695 3700 ducan-

55 3751 189 3836 turque
203 3738 286 3811 duoe
297 3761 418 3811 curva
427 3737 524 3812 ABG
535 3751 574 3812 et
584 3739 691 3812 LBM

57 3874 95 3924 se
119 3853 278 3925 invicem
296 3864 334 3925 et
362 3863 500 3924 rectam
526 3853 587 3926 FG
604 3877 692 3927 con·
773 3845 785 3873 ¹'

59 3964 243 4061 tingentes
268 3965 306 4037 in
336 3979 474 4060 puncto
503 3965 544 4036 B.
599 3966 693 4038 Inci-
726 4030 739 4058 ,

61 4077 120 4150 dat
147 4092 274 4151 autem
304 4077 351 4150 ad
380 4078 530 4173 planum
559 4080 621 4153 FG
654 4081 692 4152 in

62 4203 192 4281 puncto
220 4190 251 4263 B
278 4191 315 4262 in
342 4191 579 4265 inclinatione
605 4218 693 4289 qua·
761 4200 797 4286 ’λ

66 4324 200 4400 cunque
217 4302 342 4376 radius
355 4304 422 4376 DB
437 4305 499 4399 qui
516 4307 694 4402 refringa-
823 4311 829 4339 ¹

68 4423 118 4487 tur
143 4443 165 4489 a
190 4417 334 4490 directa
363 4418 461 4506 DBl,
482 4419 539 4492 vel
566 4444 693 4493 versus
