2656 5136
167 627 239 706 374
592 645 792 699 usercam

208 808 250 874 In
265 809 326 875 sibi
341 809 461 876 vicinos
476 811 602 899 imperii
615 813 759 899 populos.

167 908 316 975 Forsitan
332 909 460 994 injuste,
476 910 531 975 sed
547 933 611 976 nou
625 921 733 978 tamen
748 913 869 996 absque
883 913 987 979 colore

209 1009 234 1075 J
237 1008 355 1073 ustitiae
367 1033 376 1073 ε
400 1009 477 1075 satis
491 1018 541 1075 est
554 1010 687 1096 regibus
701 1011 769 1098 ipse
784 1012 878 1078 color.

167 1108 329 1176 Gentibus
343 1119 377 1173 et
391 1109 520 1174 tandem
534 1120 711 1195 posuerunt
725 1110 854 1176 nomina
868 1111 971 1190 victis,

210 1207 245 1271 N
247 1231 288 1272 on
304 1207 414 1274 audita
427 1208 526 1293 prius,
542 1231 616 1294 quas
630 1209 761 1274 voluere
774 1209 881 1275 duces.

168 1306 334 1371 Vandalus
344 1307 429 1385 hine,
441 1307 656 1392 Gotthusque,
669 1306 886 1393 Herulusque
897 1308 1117 1394 Hunuusque,
1133 1322 1169 1377 et
1182 1313 1313 1381 Alanus

211 1406 269 1470 Ad
284 1406 421 1472 Boream
435 1407 515 1472 fines
530 1417 666 1492 occupat
680 1405 822 1492 imperii:
1153 1416 1222 1477 930

169 1505 359 1570 Nominibus
373 1505 479 1583 variis,
495 1529 561 1572 una
573 1504 630 1571 sed
643 1505 766 1593 origiue
782 1504 908 1573 Gotthi.

213 1604 363 1669 Nascitur
376 1628 418 1670 ex
432 1629 498 1670 uua
511 1604 642 1691 pustula
655 1605 758 1670 multa
772 1604 833 1671 lue.

168 1703 213 1768 Et
228 1704 357 1770 tandem
372 1703 499 1770 Italiam
514 1705 634 1772 crebris
648 1704 846 1771 successibus
860 1704 1006 1791 implent,

210 1802 257 1867 Et
271 1803 407 1869 miscent
420 1804 526 1871 verbis
541 1806 638 1871 verba
654 1803 769 1868 Latina
790 1803 865 1882 suis,

167 1901 213 1967 Et
227 1913 358 1988 gentem
371 1903 471 1990 genti.
515 1903 694 1970 Romanam
708 1904 849 1989 possidet
863 1905 975 1970 urbem

212 2001 375 2078 Gotthus;
399 2003 454 2070 sed
468 2003 582 2069 doctus
596 2025 685 2070 sacra
699 2002 819 2068 latina
833 2003 929 2088 prius.

168 2101 284 2186 Atque
299 2103 348 2167 sui
364 2101 507 2180 Gotthis,
522 2112 562 2168 ut
576 2101 699 2170 Graecis
714 2113 812 2187 atque
826 2102 963 2180 Latinis,

211 2199 435 2288 Catholieique
449 2203 586 2280 inerant,
601 2201 808 2286 haereticique
823 2202 895 2267 viri.

167 2300 248 2366 Post
262 2301 348 2366 hunc
363 2302 511 2388 regnavit
524 2301 550 2368 J
551 2301 684 2368 avianus
697 2302 860 2367 mensibus
870 2311 952 2366 octe.

211 2399 411 2467 Christicolis
425 2401 570 2487 demptas
584 2400 723 2465 reddidit
738 2400 791 2465 ille
806 2399 936 2465 scholas.
1152 2407 1221 2467 940

168 2495 353 2565 Catholieus
369 2499 432 2565 suit
448 2500 500 2564 ille
516 2499 655 2583 quidem,
672 2499 726 2563 sed
741 2499 865 2585 legibus
880 2499 929 2562 uti

210 2598 331 2682 AEquis
347 2597 530 2664 Catholicos
545 2597 773 2680 haereticosque
790 2599 893 2681 jubet

167 2696 242 2779 Quo
257 2697 352 2772 facte,
368 2696 521 2760 moritur:
546 2707 699 2778 tauquam
715 2696 742 2760 si
757 2706 882 2780 sceptra
895 2696 1031 2773 tulisset,

209 2794 304 2858 Esset
319 2806 356 2858 ut
371 2794 404 2857 in
419 2804 491 2859 tuto
506 2794 606 2860 libera
620 2793 737 2878 cuique
752 2793 857 2858 Fides

164 2892 311 2958 Romana
325 2892 482 2979 accipiens
497 2904 575 2957 tunc
590 2892 699 2969 sraena,
716 2892 965 2958 Valentinianus

208 2991 260 3056 De
275 3014 363 3056 sacra
377 3003 481 3056 mutat
495 2991 660 3077 relligione
675 2991 764 3054 nihil.

164 3091 200 3155 N
201 3114 237 3157 ec
252 3090 309 3175 qui
324 3091 485 3167 successit,
501 3091 553 3156 eui
568 3113 685 3155 nomen
697 3090 809 3154 Gratia
823 3090 922 3155 seeit¹.

207 3190 285 3257 Paci
296 3191 410 3275 juncta
424 3190 521 3255 Fides
536 3191 637 3256 dulcis
652 3191 782 3274 utrique
797 3190 870 3254 suit.

164 3292 228 3356 Sec.
254 3290 359 3372 Quem
376 3290 453 3355 tulit
467 3292 616 3355 effectum
631 3314 779 3356 concessa
794 3289 923 3354 licentia
938 3290 1052 3352 tanta?

207 3392 266 3454 Pr.
290 3389 326 3453 N
327 3412 363 3455 ec
378 3413 440 3474 pax
455 3389 671 3473 consequitur,
689 3412 747 3454 uec
761 3391 842 3454 bene
858 3401 944 3452 certa
959 3387 1063 3450 Fides
1176 3397 1189 3409 ’

163 3489 231 3572 Qui
246 3512 310 3554 non
324 3489 485 3553 audebant
499 3487 664 3553 Deitatem
679 3488 790 3553 tollere
811 3488 948 3562 Christo,

208 3588 343 3674 Spiritui
361 3587 479 3654 Sancto
494 3587 605 3652 tollere
620 3610 683 3650 non
698 3587 855 3651 dubitant

162 3688 341 3773 Impietatis
356 3700 425 3753 erat
440 3697 539 3751 tantae
557 3687 763 3751 Macedonius
779 3687 903 3762 author,

205 3788 272 3870 Qui
287 3787 486 3873 Byzantinus
501 3809 554 3851 ore
570 3788 702 3872 regebat
716 3809 801 3850 oves.

161 3889 283 3952 Audax
298 3897 413 3963 orator,
429 3886 580 3951 torrentis
595 3908 682 3950 more
697 3908 839 3960 sonorus,

203 3985 366 4052 Turbidus
380 3995 478 4069 atque
493 3984 585 4060 celer,
602 4007 665 4049 non
681 3995 788 4049 tamen
803 3985 887 4047 altus
902 3994 981 4048 erat.

158 4085 301 4170 Jamque
316 4086 433 4150 iterum
448 4085 481 4147 in
497 4096 603 4169 partes
620 4083 764 4148 Ecclesia
778 4083 945 4147 scinditur.
991 4081 1060 4145 lras

201 4185 349 4250 AEternae
367 4185 441 4249 vitae
457 4195 570 4248 mutua
584 4206 660 4248 cura
674 4182 761 4246 facit

157 4287 221 4350 Sec.
246 4285 342 4350 Unde
357 4307 434 4349 mese
451 4284 539 4348 vobis
550 4282 721 4347 commissa
735 4293 784 4346 est
799 4305 875 4346 cura
890 4283 1011 4358 salutis,

200 4384 231 4447 T
234 4383 395 4470 heiologi?
441 4381 517 4448 Siue
533 4404 583 4446 me
599 4381 805 4446 cousrssitisne
819 4381 923 4445 mihi?
1142 4388 1209 4447 960

523 4603 531 4635 ¹
552 4604 670 4673 [Scilicet
684 4603 848 4670 Gratianus]
