2656 5136
415 672 748 724 nccnnsmsrrcn.
1033 658 1109 724 403

65 833 129 900 His
145 858 273 921 quoque
285 834 466 901 vermiculis
481 858 571 921 reges
586 834 795 920 hominesque
810 835 955 923 opulenti

108 934 297 1022 Magnifioas
312 946 438 1001 certant
452 936 606 1002 aedificare
621 936 740 1001 domos.

66 1034 164 1099 Unde
179 1034 297 1110 volant,
314 1035 372 1099 alis
387 1035 499 1112 enatis,
515 1035 698 1120 templaque
713 1036 829 1101 bombo

108 1133 269 1220 Implent:
293 1159 367 1199 nam
383 1158 492 1200 musea
506 1146 555 1200 est
570 1158 641 1219 qum
656 1134 750 1200 modo
765 1134 881 1200 vermis
896 1145 972 1201 erat

64 1236 177 1317 Atque
192 1257 317 1320 perora
332 1234 436 1298 virum
451 1234 588 1299 volitans
603 1257 668 1299 non
683 1235 785 1300 multa
799 1235 966 1314 scientum,

108 1333 241 1398 Illorum
257 1334 374 1419 patulis
388 1334 506 1398 insidet
520 1334 691 1399 auriculis:

65 1432 280 1518 Corrumpens
296 1457 398 1499 mores
412 1434 531 1510 civiles,
547 1457 606 1499 neo
621 1433 699 1499 sinit
713 1433 795 1512 illos,
968 1521 971 1528 .

107 1533 158 1599 Ut
172 1534 298 1609 debent,
313 1533 394 1597 fidos
408 1533 537 1618 regibus
552 1557 619 1599 esse
636 1533 709 1599 suis.
1023 1540 1108 1602 2030

63 1634 278 1699 “Parendum
293 1656 360 1698 esse
376 1632 447 1699 Deo
462 1634 569 1718 potius
584 1657 684 1719 quam
699 1634 855 1720 regibus”,
870 1635 988 1720 inquit,

108 1733 199 1797 “Nil
214 1733 303 1798 dubii
318 1744 383 1797 est:
409 1733 518 1798 eadem
534 1732 624 1819 Papa
638 1732 794 1817 Deusque
804 1735 949 1819 jubent’'

65 1832 202 1898 Sedulus
217 1833 390 1897 adlectum
406 1832 614 1898 morientibus
629 1833 743 1909 adstat,
756 1842 790 1897 et
803 1834 894 1898 audit

108 1932 191 2013 Quae
207 1955 264 1996 sua
278 1932 415 2016 quisque
426 1932 505 1997 velit
519 1956 582 1997 non
597 1935 679 1998 bene
694 1932 778 1997 faeta
792 1933 890 2017 loqui.

65 2030 270 2114 Consilioque
281 2031 385 2114 juvat,
401 2030 454 2115 pia
468 2041 725 2115 testamentaque
740 2031 858 2097 dictat:

109 2130 256 2214 “Daque
271 2129 369 2206 Deo’'‚
385 2130 472 2206 dioit,
489 2139 510 2168 “
525 2132 581 2215 qui
597 2131 657 2196 tibi
672 2142 763 2195 tanta
776 2131 892 2198 dedit'’.

65 2229 145 2295 Inde
160 2240 210 2294 tot
224 2240 258 2295 et
272 2229 354 2295 tanti
369 2229 465 2294 sacris
480 2231 610 2295 donaria
624 2231 763 2317 templis,

107 2328 147 2393 In
163 2352 253 2415 reges
268 2329 375 2394 videas
389 2352 477 2395 arma
491 2344 602 2416 parata
616 2331 698 2397 Deo.

63 2428 258 2513 Explorator
273 2440 341 2494 erat
355 2453 485 2514 quoque
500 2430 710 2496 confessarius
726 2430 837 2509 omnis,

107 2528 152 2592 Et
167 2529 310 2594 confessa
325 2528 396 2594 Deo
410 2529 514 2595 dicere
530 2530 643 2595 doctus
658 2542 736 2596 erat

64 2628 99 2691 N
101 2653 150 2692 am
167 2629 257 2694 Deus
271 2629 305 2692 in
320 2627 413 2694 terris
427 2629 487 2695 hoo
502 2640 644 2715 tempore
660 2630 749 2716 Papa
768 2630 891 2709 fuisset,

109 2729 144 2793 Si
159 2753 222 2794 non
234 2751 292 2814 per
302 2752 414 2816 regum
425 2730 501 2814 jura
515 2731 669 2796 creandus
685 2741 761 2795 erat
877 2818 879 2822 Α

64 2829 154 2912 Papa
164 2829 234 2893 Leo
250 2827 449 2913 Carolusque
464 2829 577 2916 agnus¹
594 2831 654 2896 sibi
669 2842 782 2896 mutua
796 2853 895 2919 regna

108 2928 321 2992 Tradiderant
335 2940 438 3013 paeto,
452 2930 563 2995 Carnis
579 2942 612 2996 et
626 2930 763 3017 Ingenii.

68 3027 130 3093 Sed
144 3039 272 3112 pactum
284 3027 344 3092 hoo
354 3028 453 3112 Papae
468 3051 532 3094 non
548 3051 713 3095 servavere
725 3039 913 3113 sequentes:

109 3128 181 3191 Non
196 3149 325 3210 aequum
340 3138 390 3191 est
405 3150 461 3212 par
470 3128 525 3213 jus
536 3127 650 3194 Carnis
665 3139 699 3194 et
712 3127 849 3214 Ingenii.

65 3224 216 3309 Namque
231 3224 411 3290 inconsulto
426 3248 523 3310 papas
537 3225 768 3312 Induperatore

109 3326 171 3389 Est
185 3347 280 3389 ausus
294 3324 397 3389 clerus
412 3347 496 3410 saepe
510 3347 616 3390 creare
631 3325 700 3390 sibi.

65 3424 153 3490 Hinc
168 3426 228 3490 sub
244 3423 391 3490 Conrado
405 3423 476 3507 (sed
491 3447 597 3509 quaere
612 3423 728 3511 quoto)
738 3423 825 3490 ferus
839 3425 894 3489 ille

108 3525 307 3610 Longusque
323 3522 466 3589 Occiduo
481 3534 587 3589 motus
601 3523 635 3588 in
650 3526 726 3590 orbe
741 3524 813 3589 suit

66 3625 130 3688 Pro
147 3625 236 3709 Papa
252 3622 404 3708 Guelplri,
420 3645 477 3709 pro
490 3622 616 3689 Caesare
631 3633 718 3688 stant
730 3622 891 3690 Gibelini:

109 3723 273 3808 Temporis
288 3723 380 3787 istius
396 3722 524 3787 nomina
538 3722 621 3788 forte
636 3722 763 3787 dueum.

64 3822 158 3886 Exiit
173 3823 232 3887 hoo
247 3822 367 3887 bellum
381 3821 553 3886 Frederioo
570 3820 696 3887 Caesare
711 3833 822 3908 capto:

109 3920 170 3984 Illo
186 3921 241 4004 qui
258 3921 379 4006 primus
393 3921 520 3985 nomine
537 3920 646 3987 Caesar
660 3931 737 3986 erat

67 4019 166 4083 Hune
180 4019 302 4085 Veneti
317 4020 430 4097 vicere,
446 4020 577 4106 fugatus
592 4020 682 4106 Papa
695 4020 891 4107 triumphat:

109 4118 249 4184 Nomine
265 4120 450 4185 Alexander
465 4121 597 4186 Tertius
611 4120 665 4186 ille
680 4121 752 4186 suit

67 4216 133 4298 Qui
148 4229 241 4302 capta
255 4218 368 4294 Roma,
386 4220 513 4286 Veneta
528 4221 675 4285 latitabat
690 4221 724 4285 in
739 4223 828 4299 urbe,

108 4317 329 4403 Detentusque
344 4319 413 4404 ipso
429 4319 553 4386 Caesare
568 4323 668 4406 major
682 4321 757 4387 abit.

66 4415 168 4502 Cujus
183 4430 216 4483 et
231 4418 263 4481 in
280 4418 395 4483 collum
411 4431 554 4497 steterat,
569 4420 727 4505 dictisque
742 4418 886 4505 superbis

424 4617 433 4650 ¹
453 4619 534 4690 [Vide
545 4620 749 4689 Glossarium]
