2656 5136
240 638 309 705 142
554 653 643 707 LUX
661 650 981 707 Maunnmauten.

28 829 359 914 nonnosus-partes
391 818 476 893 cubi
502 842 526 892 a
550 832 632 893 tota
657 819 739 909 DC,
765 820 843 895 sive
860 830 1024 918 quantus
1046 826 1107 893 est
1131 818 1279 893 eubusa

49 927 193 1032 Q
235 932 377 1006 duabus
405 933 614 1008 centesimis
639 934 755 1031 ipsius
771 935 854 1009 DC.
905 934 1005 1008 Nam
1021 930 1279 1030 quassatum

234 1046 377 1120 duabus
405 1047 615 1121 centesimis
640 1063 755 1122 reotae
781 1049 1036 1144 cujuscunque
1058 1046 1204 1143 aequale
1228 1060 1279 1119 est

234 1171 393 1256 quatuor
410 1159 620 1233 centesimis
644 1160 818 1257 quadrati
838 1160 978 1234 totius:
1005 1170 1045 1233 et
1061 1158 1280 1254 quadratum

235 1270 441 1367 diagonalis
464 1272 543 1366 ejus
567 1282 693 1368 potest
717 1279 754 1361 8,
778 1295 937 1368 quorum
963 1270 1047 1345 duae
1074 1271 1280 1345 centesimae

233 1386 382 1479 potest*
400 1394 436 1457 4.
480 1385 610 1481 Itaque
622 1408 735 1482 super
750 1385 974 1481 quadratum
990 1384 1039 1458 ab
1056 1384 1133 1457 illis
1146 1383 1280 1459 duabus

233 1497 444 1571 centesimis
461 1497 494 1572 si
510 1509 745 1573 construatur
761 1498 890 1587 cubus,
906 1496 1149 1572 manifestum
1164 1508 1280 1588 estex

233 1610 367 1683 Eunu.
384 1611 461 1684 xiii.
475 1634 583 1708 prop.
604 1619 663 1697 13,
679 1609 782 1707 quod
797 1611 883 1685 cubi
900 1611 1008 1685 istius
1024 1610 1210 1685 diameter
1223 1634 1279 1707 po

234 1734 310 1797 test
328 1733 384 1811 12,
399 1746 557 1819 quorum
574 1722 658 1797 duae
670 1723 883 1799 centesimae
898 1723 1008 1814 radii,
1020 1734 1067 1797 ut
1078 1747 1160 1799 una
1172 1735 1277 1813 reeta,

234 1847 358 1933 potest
383 1847 420 1910 4.
471 1835 816 1911 Demonstravimus
841 1859 932 1934 ergo
948 1848 1114 1934 quatuor
1141 1836 1278 1935 quintus

235 1949 501 2023 semidiametri
525 1949 682 2024 duarum
708 1949 916 2024 mediarum
944 1950 1045 2024 inter
1073 1950 1223 2025 radium
1245 1962 1278 2023 et

235 2064 475 2137 semiradium
491 2064 629 2159 majore
652 2065 771 2159 majus
788 2086 881 2154 esse,
898 2075 937 2137 et
953 2076 1125 2160 quanto:
1152 2086 1277 2161 suppo-

234 2187 368 2250 nentes
384 2175 531 2249 radium
547 2175 705 2249 divisum
718 2177 758 2249 in
770 2187 896 2273 partes
912 2175 1077 2273 aequales
1094 2174 1236 2251 deeem.

285 2288 535 2385 Suppouatnr,
547 2312 685 2378 rursus,
698 2289 1014 2364 semidiametrum
1030 2287 1192 2364 divisam
1207 2312 1275 2365 esse

235 2402 534 2499 quinquifariam.
588 2400 822 2476 Quadratum
844 2427 935 2499 ergo
957 2401 1107 2477 aradio
1128 2403 1201 2478 erit
1224 2413 1273 2491 25,

233 2515 273 2589 id
291 2526 359 2604 est,
378 2515 559 2612 quadrata
581 2524 629 2589 25
654 2516 694 2589 iu
717 2516 886 2613 quintam
911 2527 1059 2612 partem
1085 2518 1146 2589 sui
1174 2517 1273 2614 ipsius

233 2628 370 2703 ducta:
397 2641 435 2702 et
452 2630 568 2703 cubus
592 2630 640 2703 ab
665 2630 746 2725 ipso
768 2630 873 2704 radio
893 2639 961 2703 125
981 2630 1069 2704 cubi
1087 2631 1137 2703 ab
1156 2629 1273 2703 eadem

234 2741 364 2838 quinta
389 2755 508 2838 parte.
561 2744 682 2839 Hujus
710 2743 870 2816 semissis
893 2755 951 2816 est
967 2745 1064 2823 624:
1090 2743 1202 2839 hujus
1217 2744 1273 2817 ite

234 2879 318 2929 rum
339 2856 499 2929 semissis
521 2856 611 2937 ald:
638 2867 676 2929 et
698 2857 808 2953 hujus
838 2856 996 2953 denique
1023 2857 1189 2931 semissis
1211 2860 1272 2943 lsi,

235 2969 299 3063 qui
316 2993 491 3043 numerus
508 2985 565 3044 est
581 2994 668 3066 pars
693 2983 824 3044 octava
843 2972 958 3044 totius
975 2970 1063 3043 cubi
1085 2979 1171 3044 1⁴25.
1219 2971 1273 3043 Est

232 3105 325 3178 ergo
347 3084 444 3156 ratio
472 3084 558 3157 cubi
581 3083 724 3157 eradio
743 3083 791 3157 ad
808 3095 953 3180 partem
970 3083 1029 3156 sui
1046 3093 1229 3172 octavam,
1243 3080 1274 3154 id

234 3208 303 3284 est,
329 3196 376 3270 nd
405 3198 541 3272 cubum
567 3221 589 3269 a
614 3196 824 3285 semiradio,
855 3197 894 3270 in
922 3196 1113 3292 triplicata
1142 3198 1274 3271 ratione

234 3317 256 3383 5
275 3309 324 3382 ad
341 3319 378 3382 4.
431 3310 505 3384 Sed
521 3310 616 3384 ratio
634 3309 710 3399 DZ,
728 3310 805 3383 sive
822 3310 886 3397 Ze,
909 3309 958 3383 ad
975 3309 1043 3397 De,
1061 3310 1142 3383 sive
1159 3337 1215 3408 eq,
1228 3318 1274 3382 est

232 3431 275 3494 nt
293 3431 315 3495 5
333 3422 381 3495 ad
398 3434 442 3496 4:
468 3423 555 3519 quia
571 3422 640 3511 De,
658 3422 735 3511 DL,
763 3423 823 3519 Dq
841 3434 929 3496 sunt
954 3423 994 3494 in
1022 3423 1204 3498 continua
1224 3446 1274 3495 rt·

232 3535 335 3608 tione
354 3536 482 3627 5ad4,
497 3535 882 3610 confitenteWallisio.
919 3536 1032 3609 Ratio
1050 3560 1143 3634 ergo
1160 3534 1274 3611 lateris

231 3649 349 3722 totius
367 3650 453 3725 cubi
471 3675 494 3723 a
510 3673 578 3724 suo
596 3649 723 3737 latere,
747 3648 933 3744 triplicata
960 3659 1018 3721 est
1044 3650 1203 3724 rationis
1218 3645 1274 3721 DC

233 3760 282 3833 ad
299 3760 375 3835 DZ.
428 3761 555 3837 Quare
582 3763 653 3836 erit
675 3774 718 3835 ut
744 3761 808 3835 DZ
825 3762 873 3835 ad
890 3761 957 3850 De,
975 3763 1030 3836 ita
1052 3773 1138 3837 tum
1154 3764 1219 3838 Dc
1232 3757 1274 3835 nd

231 3872 308 3964 DZ,
331 3885 411 3948 tum
435 3876 492 3948 De
517 3876 566 3949 ad
588 3875 660 3966 ch,
687 3887 730 3949 ut
757 3875 1025 3949 demonstravit
1056 3877 1273 3951 Hobbesins.

230 3984 288 4059 Ex
318 4009 364 4060 eo
394 3988 509 4085 igitur
537 3989 637 4087 quod
664 3989 761 4063 latus
795 3988 966 4086 quadrati
995 3991 1177 4064 statuitur
1204 4013 1274 4064 esse

229 4099 334 4189 nihil,
352 4099 390 4174 id
407 4113 465 4176 est
488 4103 567 4177 sine
590 4103 807 4178 latitudine:
833 4125 911 4175 non
937 4100 1049 4175 modo
1078 4102 1275 4177 destmitur

227 4214 365 4287 veritas
393 4229 544 4312 recepta
572 4215 619 4289 de
647 4217 791 4291 ratione
820 4215 918 4288 inter
941 4238 981 4287 se
1004 4216 1199 4303 cuborum,
1214 4214 1274 4290 sed

227 4328 342 4402 etiam
369 4330 612 4406 confirmatur
639 4354 746 4427 prop.
766 4349 917 4403 Rosam
934 4327 1010 4417 xix,
1036 4352 1152 4425 quam
1167 4330 1274 4403 voluit

624 4580 641 4616 *
658 4580 709 4640 Sic
722 4580 792 4638 edit.
811 4580 896 4640 1672.
