2656 5136
241 633 315 701 210
466 642 686 699 rumonus
703 642 756 697 ur
773 640 1056 697 rueramus

62 841 198 883 crnxn.
240 823 326 888 sunt
350 811 525 912 equales.
577 813 678 897 Quid
702 824 760 888 est
782 812 940 911 angulus
956 818 1154 887 enatemus
1169 809 1268 885 cirm-

57 908 204 1017 ζῶ
240 926 354 1002 laris?
405 928 536 1001 Oratio
552 928 634 1025 ipsa
650 926 916 1024 inexplicabilis
931 936 1001 1001 est

292 1063 350 1114 rv.
377 1040 714 1140 Appropirrqaetio
730 1049 876 1114 estem
902 1038 1064 1115 dmm
1088 1036 1270 1126 bum

242 1176 440 1226 conseres
464 1163 588 1227 tamen
611 1150 864 1252 impossibilis,
881 1176 1011 1252 nempe
1033 1159 1271 1250 mpnptotes

243 1267 366 1362 Hujus
396 1288 507 1340 causa
536 1265 720 1363 explicata
746 1288 858 1363 supra
885 1276 943 1339 est
968 1264 1009 1339 io
1038 1262 1272 1362 paralogismo

243 1377 411 1452 Zenonis.

294 1513 334 1564 v.
352 1490 523 1586 Affectus
538 1488 739 1565 sedamen
753 1500 793 1565 et
808 1487 1089 1565 irrationalium
1098 1488 1273 1588 pontilo-

244 1613 319 1676 tum
349 1613 419 1676 etc.
470 1600 569 1676 Haee
602 1603 725 1677 omnic
752 1601 812 1677 ito
839 1602 1101 1677 &macto
1124 1610 1221 1693 scut,
1241 1612 1274 1677 tt

242 1714 380 1812 negari
395 1737 468 1787 noa
478 1722 658 1812 possen.-
683 1722 723 1788 et
746 1712 864 1788 malta
880 1711 973 1805 olio,
989 1737 1073 1812 quer
1089 1723 1211 1789 tm
1232 1714 1273 1789 is·

243 1824 1273 1926 explicabilia,ioconrpreloeneibilia‚iacogitabilioml

245 1940 426 2015 Quaenam
458 1951 584 2013 autem
617 1949 706 2014 sunt
737 1939 809 2015 illue
840 1938 963 2015 surdae
988 1952 1030 2014 et
1055 1940 1273 2015 irrationales

243 2052 491 2150 quantitates?
542 2051 734 2128 Quasdam
749 2076 830 2128 esse
846 2053 1075 2151 quantitates
1094 2052 1274 2129 continuit

244 2188 327 2262 quae
356 2166 538 2239 rationem
564 2166 709 2239 numeri
737 2164 788 2240 ad
812 2189 1008 2241 numerum
1032 2189 1113 2241 non
1139 2166 1272 2256 babent,

244 2302 354 2352 nemo
372 2278 491 2352 nescit
506 2278 800 2370 mathematicus,
818 2288 857 2354 et
872 2278 999 2354 vocari
1015 2279 1273 2355 incommensu-

245 2391 391 2465 rabiles.
444 2391 518 2465 Sed
544 2415 670 2465 earum
694 2392 808 2467 etiam
829 2416 912 2490 quse
938 2392 1273 2468 commensurabiles

245 2502 343 2577 iuter
362 2527 401 2577 se
425 2516 523 2594 sunt,
544 2504 670 2579 multae
692 2517 781 2579 sunt
801 2504 1050 2580 irrationales:
1077 2508 1168 2604 quia
1191 2530 1273 2580 con·

244 2618 506 2691 mensurabiles
538 2618 637 2691 inter
663 2641 702 2692 se
733 2642 943 2715 quanquam
973 2619 1061 2710 siut,
1090 2619 1273 2719 quantitati

245 2740 370 2802 tamen
396 2730 504 2803 alicui
530 2731 723 2805 arbitrerie
748 2743 905 2828 sumptae
937 2733 1273 2808 commensurabiles

245 2865 320 2915 non
338 2854 435 2930 sunt,
455 2843 629 2917 dicuntur
647 2867 727 2918 esse
744 2843 980 2919 rationales*.

294 2978 353 3029 vr.
380 2954 600 3054 Intelligine
616 2965 790 3055 possunt,
815 2966 854 3029 et
873 2956 994 3055 plane
1015 2958 1273 3060 comprehendi,

244 3069 419 3168 exprimi,
430 3078 468 3142 et
478 3069 666 3168 explicari
683 3071 721 3144 in
734 3070 893 3144 nemeis
905 3072 1122 3169 qff‘cetioncs
1135 3074 1273 3150 enitatis

244 3192 281 3256 et
297 3182 480 3256 ternarii:
502 3191 544 3255 at
566 3192 667 3255 essct
693 3182 731 3256 in
748 3192 887 3256 nature
902 3186 1100 3282 quantitas
1117 3213 1204 3277 ena,
1218 3213 1273 3262 nec

246 3295 338 3387 alie,
352 3321 428 3393 qaae
441 3319 520 3368 cam
533 3294 613 3369 suis
624 3293 875 3394 potestatibus
888 3296 1045 3393 iqlinitis
1057 3300 1274 3376 ascmderti

245 3407 311 3481 brea
326 3419 363 3482 et
380 3408 576 3482 radicibus
591 3408 896 3484 descendentibus
911 3435 1035 3484 omnes
1051 3426 1178 3490 esserrt
1191 3416 1275 3489 inter

244 3546 288 3594 ee
303 3520 494 3619 equales*,
507 3519 567 3595 vel
579 3521 708 3620 potius
724 3521 840 3595 idem?
892 3524 1014 3598 Verba
1030 3527 1114 3624 ipsa
1126 3528 1274 3603 obscuri·

245 3635 374 3709 uscula
389 3647 492 3708 suut:
519 3635 583 3708 sed
601 3634 641 3708 id
663 3633 762 3732 quod
782 3635 922 3710 dictum
946 3638 1077 3730 voluit,
1095 3654 1199 3739 puto,
1214 3642 1274 3716 boc

246 3757 314 3822 est.
365 3747 457 3821 Cum
483 3758 646 3842 potestas
676 3746 856 3844 quadrata
881 3753 1026 3824 numeri
1051 3766 1091 3828 et
1113 3777 1274 3829 numerius

246 3859 457 3956 quadratus,
471 3861 560 3934 item
577 3871 740 3957 potestas
756 3863 919 3936 secunda
932 3876 970 3938 et
982 3888 1162 3943 numerus
1173 3869 1275 3942 cubus

247 3984 330 4063 etc,
341 3973 582 4048 arithmeticis
594 3974 693 4048 idern
705 3976 771 4061 sit;
788 3988 826 4049 et
840 3976 945 4050 radix
958 3981 1104 4054 numeri
1118 3979 1276 4079 quadrati

246 4110 420 4161 numerus
436 4086 498 4160 ille
511 4088 656 4161 dicatur
668 4088 730 4186 qni
747 4089 1011 4185 multiplicatus
1024 4093 1063 4166 iu
1077 4118 1117 4168 se
1130 4096 1275 4193 aliquem

246 4200 381 4285 efficit;
406 4212 445 4274 et
471 4200 576 4275 radix
600 4202 743 4275 numeri
761 4202 845 4276 cubi
865 4202 964 4278 idem
989 4206 1089 4302 quod
1114 4231 1277 4282 numems

245 4311 306 4386 ille
323 4314 386 4411 qui
403 4314 662 4411 multiplicatus
680 4316 717 4388 in
735 4340 774 4390 se
792 4329 830 4390 et
856 4341 981 4391 rursus
1003 4321 1043 4393 in
1065 4322 1277 4418 productum

631 4557 647 4591 ⁴¹
671 4555 721 4616 sic
734 4557 803 4616 edit.
822 4555 906 4616 1674.
