2692 4792
186 282 254 348 186
409 296 627 347 nnrncrrra
647 296 698 346 nr
717 294 999 346 unonnnruarn

16 491 64 532 rr.
81 492 135 533 vn.
181 460 245 535 OG
271 461 421 558 aequalis
447 460 512 552 Cb,
536 474 575 536 et
597 463 636 534 iu
658 461 725 534 AC
754 461 936 558 producta
962 470 1130 558 ponatur
1158 463 1218 534 CH

10 618 160 675 mem,
180 575 328 672 aequalis
346 573 411 663 Ca,
431 574 658 672 duceturque
677 576 762 663 HD,
781 587 820 648 et
841 577 1024 672 jungatur
1041 575 1124 663 AG,
1141 576 1220 650 GH:

1 706 11 719 ·’
30 682 146 728 'me
181 701 292 762 erunt
308 687 493 784 triangula
509 689 619 778 ACG,
637 688 755 775 GCH‚
784 688 891 762 HCD
910 688 1103 786 triangula
1119 689 1221 785 amni-

180 801 328 897 angula.

230 937 325 988 v111.
353 913 540 1003 Similiter,
559 915 589 987 si
608 914 673 988 OD
690 930 891 1011 poneretur
908 915 947 988 iu
963 914 1084 988 latere
1103 914 1177 1003 CB,
1191 925 1221 987 et

179 1050 287 1102 arcus
305 1026 367 1124 Df
375 1039 497 1100 sectus
520 1027 632 1101 fuerit
659 1028 956 1124 quinquiferiam,
973 1029 1221 1102 invenirentur

178 1141 277 1214 inter
304 1139 371 1214 AC
396 1151 434 1213 et
464 1138 529 1214 OD
564 1154 722 1237 quatuor
752 1140 885 1214 mediae
917 1141 1218 1238 proportionales.

181 1254 369 1351 Siquidem
387 1265 509 1327 autem
529 1253 594 1328 01)
612 1265 815 1350 poneretur
833 1255 872 1328 in
890 1253 957 1329 AG
975 1255 1174 1351 producte,
1188 1267 1220 1328 et

179 1378 301 1441 sectus
318 1367 430 1440 fuerit
447 1368 603 1462 angulus
616 1368 705 1441 DEe
722 1367 961 1463 septifariam,
973 1368 1221 1443 invenirentur

181 1506 246 1554 sex
269 1480 402 1554 mediae
428 1481 721 1577 proportionales
741 1481 840 1555 inter
857 1494 1045 1556 extremas
1067 1482 1218 1556 easdem.

231 1616 291 1668 rx.
319 1594 441 1667 Causa
457 1594 636 1668 naturalis
649 1594 815 1667 veritatis
828 1594 950 1690 hujus,
960 1593 1063 1668 unde
1080 1595 1220 1669 eviden-

180 1708 320 1782 tissima
338 1707 456 1781 oritur
474 1707 752 1797 demonstratio,
770 1707 983 1804 hujusmodi
1009 1719 1081 1781 est.
1137 1708 1221 1804 Snp

180 1822 302 1918 posito
320 1820 421 1918 quod
439 1832 552 1894 reotae
569 1820 647 1907 Ac,
666 1819 728 1894 BC
744 1820 934 1916 productae
959 1831 1087 1894 esseut
1113 1820 1220 1894 donee

182 1934 471 2031 duplicarentur,
485 1944 523 2007 et
540 1944 652 2006 reetae
669 1956 749 2030 quae
766 1934 944 2007 terminos
961 1956 1092 2007 earum
1106 1933 1220 2031 jungit

182 2048 304 2122 duotae
336 2045 486 2131 fuerint,
516 2060 625 2119 erunt
658 2046 717 2119 hae
744 2046 902 2120 totidem
932 2046 1161 2144 diagonalem,
1187 2055 1219 2118 et

179 2160 345 2233 facerent
373 2158 445 2232 tria
471 2158 657 2255 triangula
680 2160 836 2256 aequalia
861 2170 898 2233 et
919 2159 1067 2234 similia.
1121 2158 1219 2234 Unde

180 2284 365 2368 sequetur,
384 2271 484 2367 quod
502 2285 659 2368 quatuor
675 2271 739 2345 illa
764 2273 882 2345 latera
903 2284 1028 2346 essent
1053 2274 1217 2348 continue

179 2385 470 2483 proportionalia
497 2385 536 2457 iu
565 2386 708 2458 ratione
731 2384 965 2481 aequalitatis,
984 2376 1144 2482 qnorum
1160 2385 1216 2460 AC

180 2510 238 2570 est
253 2498 425 2593 primum,
449 2497 501 2570 Co
526 2512 710 2592 quartum.
764 2497 895 2594 ltaque
922 2509 965 2571 ut
991 2499 1094 2572 iuter
1111 2499 1174 2574 AC
1187 2508 1219 2571 et

180 2609 258 2699 CD,
276 2612 362 2707 quia
391 2611 512 2684 minor
536 2624 593 2684 est
622 2608 687 2684 OD
718 2634 829 2706 quam
856 2608 907 2685 Co
927 2612 1139 2707 quantitate
1160 2611 1219 2696 Dc,

178 2725 414 2798 inveniantur
428 2723 511 2798 duae
524 2723 677 2797 mediae:
697 2749 782 2797 oum
799 2723 1008 2798 differentia
1019 2724 1219 2799 Deoriatnr

179 2838 349 2912 utribus
381 2838 527 2911 mulctis
556 2839 632 2910 sive
662 2837 968 2911 diminutionibus
995 2838 1126 2913 lateris
1156 2838 1218 2925 BC,

178 2975 311 3048 nempe
328 2950 385 3042 ob,
403 2950 461 3040 bo,
480 2951 553 3040 oD,
580 2951 830 3024 necessarium
860 2963 917 3025 est
946 2963 989 3024 ut
1018 2951 1219 3026 differentia

179 3064 237 3139 Dc
268 3066 455 3139 dividatur
477 3065 516 3138 in
543 3076 619 3138 tres
648 3078 773 3162 partes
797 3063 851 3152 cb,
880 3064 938 3153 bo,
958 3064 1021 3137 aD
1054 3068 1219 3140 continue

178 3180 485 3275 proportionales.
536 3180 586 3252 Et
612 3179 698 3275 quia
725 3179 882 3274 angulus
906 3178 1004 3251 CAB
1036 3192 1095 3253 est
1123 3179 1219 3253 semi-

179 3303 314 3378 rectus,
326 3292 438 3364 etiam
455 3294 610 3387 angulus
624 3291 762 3380 DEc,a
780 3293 884 3387 cujus
898 3305 1038 3387 puncto
1053 3294 1084 3365 E
1100 3293 1219 3367 divisio

179 3418 292 3476 rectae
316 3404 374 3477 Dc
404 3405 441 3477 in
472 3416 547 3478 tres
575 3418 701 3501 partes
725 3405 901 3477 continue
931 3409 1221 3501 proportionales

180 3517 396 3605 instituitur,
416 3517 526 3590 debet
543 3519 655 3591 etiam
673 3541 751 3591 esse
769 3518 996 3592 semireetna
1041 3522 1221 3597 Quoniam

180 3640 304 3701 autem
322 3629 452 3703 divisio
468 3631 532 3704 illa
548 3632 587 3703 in
604 3643 679 3705 tres
692 3644 815 3727 partes
832 3633 875 3705 fit
891 3656 958 3728 per
976 3633 1221 3710 triseetionem

181 3743 306 3837 anguli
333 3743 529 3831 semireeti,
552 3768 622 3817 nec
643 3743 772 3817 aliter:
799 3756 837 3817 et
862 3745 901 3817 in
926 3746 1116 3822 sumendis
1141 3773 1222 3844 qua

181 3870 267 3931 tuor
285 3856 425 3946 mediis,
437 3881 504 3954 per
520 3858 890 3955 quinquisectionem,
908 3883 978 3932 nee
992 3861 1122 3935 aliter:
1140 3865 1221 3936 item

181 3971 219 4043 in
237 3969 423 4044 sumendis
441 3994 505 4044 sex
522 3970 652 4044 mediis
669 3972 1015 4068 proportionalibus,
1032 3999 1102 4071 per
1119 3975 1222 4073 septi-

181 4085 394 4176 sectionem‚
426 4108 494 4158 neo
523 4085 640 4179 aliter,
672 4095 710 4158 et
739 4085 792 4158 sio
823 4086 998 4161 ulterius:
1026 4089 1130 4163 nulla
1157 4089 1222 4162 alio
