2656 5136
457 1274 856 1360 OBJECTIONES

635 1495 678 1536 Ab

261 1655 534 1740 CARTESII
582 1655 1049 1739 MEDITATIONES.

559 1890 756 1900 ---.

558 1904 757 1917 *-

537 2105 738 2158 onsucrlo
754 2105 782 2158 1.

355 2269 410 2320 AD
431 2267 761 2320 Munl‘rATIONuM
781 2268 962 2321 PRIMAM.

258 2397 315 2470 De
333 2398 382 2470 iia
399 2421 481 2497 quoe
499 2398 537 2470 in
553 2395 699 2470 dubium
715 2399 887 2471 revocari
896 2407 1070 2498 possunt.

140 2561 258 2634 Siris
288 2572 433 2634 constat
450 2584 495 2633 ex
512 2560 556 2632 iis
575 2583 657 2656 quae
681 2559 782 2634 dicta
805 2573 892 2634 sunt
914 2560 952 2633 in
970 2560 1040 2634 hac
1058 2558 1183 2634 Medi·
1225 2587 1318 2631 ouscc

139 2675 292 2765 tutione,
311 2675 451 2747 nullum
466 2698 546 2748 esse
563 2693 698 2769 κριτήριον
715 2701 737 2749 a
755 2700 828 2773 quo
852 2675 995 2748 somnia
1017 2688 1185 2748 nostrae
1287 2669 1307 2710 ¹·

138 2788 264 2883 vigilia
280 2800 319 2860 et
336 2789 503 2861 sensione
517 2814 604 2863 vera
619 2789 903 2884 dignoscantur:
921 2800 959 2861 et
976 2798 1183 2884 propterea,

138 2901 397 2995 phantasmata
414 2925 497 2996 quae
511 2901 706 2999 vigilantes
724 2914 761 2975 et
778 2900 976 2975 sentientes
993 2900 1183 2991 habemus,

138 3036 214 3085 non
242 3036 321 3085 esse
344 3012 551 3086 accidentia
579 3013 733 3108 objectis
763 3014 923 3086 externis
954 3013 1184 3102 inhaerentia,

138 3149 258 3221 neque
275 3138 494 3222 argumento
509 3150 588 3200 esse
603 3127 692 3200 talia
705 3128 850 3223 objecta
867 3136 1020 3199 externa
1031 3126 1183 3200 omuino

141 3239 311 3312 existere.
363 3238 524 3335 Ideoque
541 3240 572 3313 si
591 3263 716 3313 sensus
729 3253 875 3313 nostros
893 3239 972 3312 sine
989 3238 1062 3312 alia
1073 3239 1185 3312 ratio·

139 3353 324 3426 cinatione
347 3377 554 3449 sequamur,
572 3353 705 3426 merito
732 3350 942 3425 dubitamus
969 3375 1017 3425 an
1047 3350 1187 3447 aliquid

140 3472 274 3544 existat
291 3495 420 3544 necne.
469 3471 674 3544 Veritatem
692 3494 780 3566 ergo
798 3469 907 3567 hujus
918 3465 1186 3540 Meditationir

140 3585 383 3679 agnoscimus.
438 3583 512 3658 Sed
528 3584 702 3681 quoniam
716 3581 762 3657 de
779 3582 907 3657 eadem
924 3578 1186 3655 incertitudine

141 3698 365 3771 sensibilium
400 3697 602 3795 disputavit
636 3698 751 3788 Plato,
782 3708 821 3771 et
854 3695 917 3769 alii
950 3695 1187 3790 antiquorum

140 3811 454 3907 philosophorum,
472 3824 511 3885 et
529 3810 638 3907 vulgo
656 3810 875 3885 observatur
893 3807 1087 3882 difficultas
1104 3806 1185 3903 dig-

142 3924 316 3997 noscendi
333 3925 497 4021 vigiliam
514 3925 560 3998 ab
588 3924 797 3998 insomniis:
823 3922 938 3996 nolim
956 3921 1186 3995 excellentis-

141 4036 274 4108 simum
291 4050 478 4112 auctorem
496 4061 675 4112 novarum
686 4036 978 4134 speculationum
988 4035 1187 4109 illavetera

140 4149 340 4244 publicare.

541 4321 787 4373 Ruspousro.

191 4437 393 4511 Dubitandi
416 4438 578 4512 rationes
596 4462 677 4535 quac
694 4436 755 4511 bic
772 4462 795 4510 a
810 4435 1028 4534 philosopho
1054 4431 1187 4507 admit-

142 4562 271 4624 tuntur
290 4565 331 4625 ut
348 4575 456 4641 verae,
474 4575 549 4625 non
567 4576 589 4624 a
608 4577 664 4624 me
681 4550 752 4624 nisi
779 4562 954 4646 tanquam
972 4546 1187 4621 verisimiles
