2656 5136
154 667 222 732 150
458 676 545 728 1.er
564 676 893 731 uarnnmsrrcs.

2 868 135 909 seroces
149 852 360 938 susceperat
393 842 647 917 demonstrare
686 866 761 916 non
795 844 1000 940 potuisset?
1068 844 1200 942 Neque

2 950 134 992 ‘⁴⁰⁸¹“0‘
150 981 236 1029 vero
259 956 366 1028 istius
390 964 640 1052 quantumst
663 954 856 1053 possibile,
872 957 950 1031 sive
972 956 1200 1053 {adfinitas

149 1072 259 1143 datur
284 1069 468 1141 ultimum.
518 1069 655 1142 Datum
685 1070 784 1142 enim
811 1093 887 1144 non
910 1082 980 1161 est,
996 1074 1101 1167 quod
1127 1095 1201 1146 non

149 1183 356 1279 expositum
372 1194 432 1254 est
446 1191 486 1255 et
501 1182 704 1278 cognitum.
748 1182 941 1257 Quantum
956 1208 1086 1258 rerum
1103 1183 1201 1258 Con·

150 1296 261 1369 ditori
277 1293 451 1392 possibile
468 1305 538 1384 est,
555 1295 742 1369 infinitum
758 1308 828 1370 est.
854 1297 1062 1394 Quousque
1078 1308 1202 1371 autem

150 1412 262 1485 homo
290 1408 454 1482 dividere
480 1421 616 1506 potest,
645 1409 816 1506 ignotum
843 1423 911 1484 est.
965 1411 1097 1486 Quare
1126 1411 1203 1506 ejus

151 1524 253 1618 quod
276 1534 399 1620 potest
423 1521 590 1596 chiorum
614 1546 685 1597 nec
714 1523 837 1613 datur,
853 1548 926 1598 nec
955 1524 1041 1599 dari
1066 1538 1203 1621 potest.

152 1639 271 1734 Ipsius
288 1648 345 1711 est
362 1635 550 1732 singulare
564 1636 637 1711 hoc
660 1637 873 1727 absurdum,
885 1637 991 1712 nullo
1007 1651 1204 1735 acceptum

152 1751 342 1847 magistro,
357 1749 423 1823 sed
438 1748 487 1822 ab
503 1749 585 1846 ipso
598 1750 843 1847 suppositum,
854 1775 899 1824 eo
911 1751 989 1825 fine
1005 1763 1053 1826 ut
1066 1775 1204 1826 norum

152 1862 301 1960 aliquod
319 1862 510 1935 theorema
522 1863 739 1958 geometriae
761 1862 962 1954 addidisse,
989 1877 1059 1939 aut
1073 1865 1204 1939 melius

155 2001 267 2074 quam
300 1975 363 2049 alii
397 1974 681 2066 demonstrasse,
709 1976 908 2052 videretur.
961 1978 1099 2077 ltaque
1131 2002 1203 2053 non

152 2091 262 2165 modo
290 2089 483 2163 scientiam
498 2089 731 2163 utilissimam
751 2090 899 2164 inscitia
922 2114 992 2165 sua
1015 2115 1095 2166 non
1119 2116 1203 2190 pro-

155 2205 283 2292 movit,
300 2202 366 2275 sed
381 2201 498 2276 relabi
516 2201 619 2292 fecit,
635 2214 748 2300 atque
763 2202 991 2278 authoritate
1007 2206 1204 2302 professio-

153 2319 210 2391 nis
233 2341 316 2413 quae
343 2326 453 2389 antea
478 2315 573 2390 bene
599 2315 852 2390 demonstrata
877 2330 997 2407 erant,
1016 2318 1202 2416 discipulis

154 2431 230 2504 suis
247 2429 359 2502 dubia
375 2441 440 2502 ant
455 2427 548 2501 falsa
563 2428 681 2501 videri
707 2428 818 2503 fecit:
845 2429 939 2502 nihil
956 2430 1111 2527 quidem
1128 2433 1200 2529 ipse

154 2543 193 2614 in
210 2542 286 2614 ulla
305 2553 411 2636 parte
435 2564 589 2637 operum
613 2563 764 2614 suorum
791 2540 1067 2633 demonstrans,
1086 2545 1199 2619 aliena

156 2679 245 2728 vero
262 2653 518 2751 paralogismis
535 2654 610 2727 suis
624 2655 834 2751 inquinans.

207 2768 446 2863 Quapropter
469 2767 671 2842 monendos
693 2791 759 2841 vos
786 2769 925 2858 censui,
943 2769 1104 2844 lectores
1130 2782 1195 2844 stu·

156 2881 262 2964 diosi,
280 2892 324 2953 ut
347 2880 480 2954 lecturi
510 2881 671 2955 careatis
694 2904 743 2953 ne
769 2904 793 2953 a
818 2881 920 2954 falsis
946 2885 1140 2980 principiis
1163 2895 1195 2956 ct

153 2993 418 3090 hypothesibus
434 2994 670 3091 praesumptis
688 2993 934 3090 decipiamini.
986 2997 1193 3071 Examinate

155 3106 368 3203 diligentius
385 3106 619 3182 definitiones
637 3119 675 3181 et
692 3108 888 3181 axiomata.
917 3110 1079 3185 Potestis
1094 3113 1189 3184 enin.

155 3222 297 3294 Afferte
308 3220 356 3293 ad
375 3220 437 3294 illa
453 3221 603 3317 ingenia
618 3233 752 3294 vestra.
795 3222 882 3295 Non
893 3223 992 3295 enim
1004 3226 1096 3298 artis
1105 3237 1189 3311 sunt,

155 3334 221 3407 sed
237 3333 444 3430 prudentiae
460 3334 650 3408 naturalis.
700 3335 863 3408 Tantum
886 3335 1027 3410 habent
1043 3337 1188 3411 authori·

154 3449 255 3535 tutis,
274 3459 454 3544 quantum
470 3472 536 3521 vos
549 3448 672 3521 vultis.
725 3448 807 3521 Nisi
823 3448 1010 3523 vobismet
1027 3452 1114 3547 ipsis
1129 3449 1189 3522 cla·

156 3561 300 3633 rissima
328 3561 414 3649 sint,
443 3584 492 3633 ne
519 3559 715 3633 admittite.
769 3560 809 3633 Si
831 3560 903 3634 hoc
930 3563 1105 3653 feceritis,
1124 3585 1185 3635 non

155 3674 264 3746 facile
281 3674 528 3771 sophistarum
545 3674 801 3771 paralogismis
814 3674 1062 3772 decipiemini.
1088 3674 1182 3751 Modo

157 3799 197 3860 et
209 3788 339 3882 figura,
351 3787 519 3861 homines
537 3788 685 3877 maturi,
696 3811 772 3860 non
785 3787 972 3885 indigetis.
1024 3791 1179 3865 varran.
