2656 5136
170 648 238 715 112
479 664 564 717 aux
585 662 907 716 usrnnmsmcn.

13 852 150 894 rnovae-
164 830 242 902 visa
254 829 411 925 pecunia
423 828 668 926 multiplicata
679 829 874 919 trifariam,
884 828 916 902 ie
930 826 993 924 qui
1007 826 1201 901 contribule»

0 934 41 973 ¹¹¹
55 935 100 975 ¹¹¹·
163 954 223 1015 rat
239 950 276 1031 2,
293 954 418 1037 partes
434 941 504 1015 sibi
518 962 541 1043 g
556 942 736 1038 petiisset,
749 941 844 1015 alter
856 940 1007 1015 residua
1017 950 1201 1015 contentus

163 1067 273 1128 esset.
331 1055 520 1142 Similiter,
549 1055 668 1127 diviso
697 1053 916 1149 rectangulo
951 1052 989 1125 A
1024 1052 1202 1143 trifariam,

163 1167 351 1264 parabola,
369 1169 457 1264 quia
482 1180 681 1265 generatur
706 1190 774 1264 pcr
802 1168 965 1241 rationes
999 1166 1202 1263 duplicatas,

163 1281 366 1377 possidebit
381 1282 590 1378 rectangnli
614 1280 707 1354 duae
733 1280 875 1369 tertias,
903 1290 943 1353 et
968 1278 1204 1376 complemen-

164 1406 244 1466 tum
261 1417 386 1483 unam,
400 1394 477 1466 sive
492 1391 525 1471 d.

215 1506 402 1594 Similiter,
429 1506 461 1579 si
493 1506 589 1579 alter
616 1505 880 1579 contribuisset
909 1515 947 1594 3,
975 1504 1127 1595 alteri,
1151 1504 1205 1603 qui

164 1621 418 1693 contribuerat
435 1632 459 1693 3
476 1619 643 1716 petiisset
658 1622 825 1716 pecunia
841 1618 1103 1716 multiplicatae
1118 1612 1149 1709 l,
1162 1618 1206 1693 al·

162 1744 221 1805 ter
240 1743 271 1822 l.
326 1733 387 1805 Sic
404 1732 582 1828 parabola
598 1732 788 1822 cubiculis,
805 1732 892 1829 quia
908 1733 953 1805 fit
968 1756 1040 1829 per
1055 1732 1206 1807 rationes

163 1847 300 1942 ubique
317 1845 534 1941 triplicatos,
552 1845 705 1919 babebit
720 1862 740 1943 p
758 1846 966 1942 rectangnli
983 1847 1033 1935 A,
1050 1859 1092 1921 et
1116 1868 1206 1921 com-

163 1960 389 2055 plementum
407 1958 558 2033 habebit
574 1962 607 2042 l.

213 2075 263 2146 Et
278 2071 547 2159 universaliter,
563 2083 608 2144 ut
623 2071 875 2167 negotiatores
902 2071 1081 2147 dividunt
1105 2094 1206 2170 pecu-

163 2186 262 2258 niam
282 2209 385 2257 suam
402 2194 550 2257 auctam
575 2183 656 2256 sinc
677 2184 904 2279 geometria:
930 2184 987 2257 ita
1011 2184 1207 2259 mathemu-

163 2299 229 2371 tici
246 2298 418 2371 dividunt
433 2296 691 2392 rectangulum
714 2296 755 2368 in
771 2310 897 2391 partes
919 2298 1206 2394 proportionales

163 2413 380 2501 rationibus,
398 2434 465 2507 per
482 2434 573 2507 quas
589 2411 720 2505 figurae
736 2409 892 2483 trilineae
916 2411 1138 2508 rectangulc
1158 2412 1206 2485 in·

164 2526 312 2621 scriptae
329 2538 515 2620 generatae
528 2534 646 2595 erant.

212 2638 354 2711 Eodem
370 2638 494 2726 modo,
512 2660 690 2710 conorum
709 2648 749 2708 et
766 2636 989 2709 conoeidum
1005 2639 1206 2735 genitomn

163 2776 187 2825 a
204 2752 442 2825 decrescente
455 2750 613 2848 cylindri
629 2751 717 2822 base
730 2751 838 2844 juxta
853 2750 1042 2824 rationum
1056 2753 1205 2826 rationes

162 2889 316 2938 numero
335 2866 509 2954 affabiles,
528 2865 689 2936 rationes
707 2862 755 2935 ad
773 2863 983 2959 cylindrum
1005 2866 1138 2961 inquo
1161 2866 1205 2938 io·

164 2979 312 3075 scriptae
328 2979 479 3050 suntab
500 2976 703 3064 Hobbesio,
722 2998 802 3071 cap.
828 2976 911 3048 eod.
939 2978 1019 3051 xvii
1047 2978 1135 3053 libri
1160 2999 1203 3051 ur

163 3113 369 3180 corporea,
389 3114 564 3163 unacum
587 3113 715 3161 eorum
740 3090 877 3162 centris
903 3092 1136 3186 gravitatum
1159 3092 1205 3165 in·

161 3219 285 3278 vcntae
302 3215 403 3292 sunt,
420 3217 460 3277 et
478 3204 516 3275 in
535 3203 698 3276 tabulam
717 3204 908 3298 conjectae.

209 3319 341 3391 Totius
354 3340 443 3412 ergo
462 3315 640 3388 doctrinae
655 3314 701 3387 de
715 3314 900 3387 dictarum
916 3315 1127 3411 figurarum
1140 3316 1204 3389 illa·

159 3455 242 3504 rum
277 3432 492 3519 rationibus
528 3442 568 3502 et
607 3428 653 3501 de
689 3438 817 3501 centro
853 3428 1054 3524 gravitatis
1088 3452 1203 3503 eamn

159 3545 414 3618 inventionem
430 3541 604 3637 adjudico
622 3541 830 3614 Hobbesio:
848 3564 925 3613 non
937 3552 1068 3616 tamen
1082 3557 1202 3617 utrem

159 3682 344 3753 magnam,
373 3656 459 3753 quia
477 3655 575 3728 idem
600 3653 743 3727 faciunt
770 3653 834 3749 qui
855 3656 1102 3749 geometriam
1124 3678 1202 3731 nun·

158 3795 272 3867 quam
299 3771 521 3857 didicerunt,
549 3791 758 3864 quanquam
786 3767 841 3839 rei
870 3790 1003 3841 causas
1031 3770 1199 3853 nesciunt,

160 3885 233 3957 nisi
256 3885 294 3957 in
321 3884 480 3980 pecunia
504 3882 700 3977 explicare.
763 3880 953 3954 Wallisius
984 3895 1113 3957 autem
1140 3904 1200 3957 nou

160 4008 308 4072 tantum
324 3997 476 4088 fraudis,
488 3995 554 4069 sed
571 3995 818 4085 etiamnum
832 3994 1199 4071 condemnanduscet

481 4217 809 4275 couruovuusln
838 4217 895 4269 lv.

221 4337 348 4410 Utrum
365 4341 510 4411 nummi
527 4334 710 4437 quadrati
726 4334 840 4408 radix
854 4334 987 4408 eadem
1000 4360 1067 4411 rer
1077 4337 1199 4411 sitm

144 4453 291 4551 figurce
308 4451 512 4548 quadratoe
529 4452 663 4525 latere.

210 4568 249 4640 Si
267 4567 331 4664 qui
347 4590 415 4663 pro
435 4564 608 4641 maximis
624 4562 810 4638 habentur
826 4560 936 4636 bodie
959 4562 1199 4650 arithmeticis,
