2656 5136
255 642 330 710 240
557 658 799 713 raacrarus
818 656 1012 712 osricus.

68 827 405 950 xuplanum
423 825 566 901 chB
556 852 593 902 m
612 828 758 925 augulis
784 826 1032 924 inaequalibus
1055 848 1129 899 aco
1145 836 1183 899 et
1195 824 1290 900 AOO.

68 917 312 1014 ‘'q-‘Sit
329 953 453 1014 autem
470 942 595 1016 radius
612 940 792 1017 refractus
808 944 856 1017 ab
874 967 921 1015 ac
938 954 1044 1015 recta
1058 939 1119 1029 ck,
1136 952 1175 1014 et
1190 964 1290 1037 angu-

253 1053 310 1127 lus
339 1054 519 1128 refractus
545 1055 617 1146 leel,
635 1069 675 1130 et
691 1056 817 1130 radius
842 1055 1028 1129 refractus
1053 1054 1105 1127 ab
1124 1052 1190 1127 ΑΟ
1204 1070 1292 1127 recta

253 1168 332 1256 CK,
351 1181 389 1241 et
405 1170 562 1265 angulus
579 1170 759 1244 refractus
775 1170 886 1244 KCL.
936 1168 1044 1256 Dico,
1063 1179 1109 1241 ut
1125 1168 1227 1241 sinus
1237 1192 1292 1241 au-

253 1282 331 1375 guli
359 1283 607 1357 inclinationis
623 1308 692 1357 aco
710 1283 758 1357 ad
775 1283 896 1357 sinum
913 1282 1044 1379 anguli
1062 1280 1215 1355 refracti
1229 1280 1291 1368 tot,

253 1396 306 1467 ita
321 1419 399 1468 esse
417 1397 537 1469 sinum
561 1396 688 1493 anguli
709 1395 960 1470 inclinationis
977 1394 1083 1469 ACO
1111 1393 1160 1467 ad
1185 1394 1291 1467 sinum

253 1509 379 1603 anguli
400 1511 551 1584 refracti
569 1510 678 1584 KCL.
729 1509 898 1583 Ducatur
914 1507 963 1581 ab
980 1520 1089 1582 recta
1112 1506 1291 1604 perpendi·

251 1622 385 1695 colaris
404 1622 451 1696 ad
464 1648 521 1712 ac,
540 1647 624 1720 quae
641 1635 742 1697 secet
763 1622 914 1719 planum
931 1622 971 1695 in
988 1632 1134 1719 puncto
1157 1618 1193 1693 h.
1239 1620 1291 1693 Se

252 1736 353 1808 cabit
382 1748 519 1825 autem,
541 1737 628 1833 quia
657 1736 816 1833 angulus
845 1733 916 1809 aed
946 1747 1006 1809 cst
1034 1735 1162 1808 minor
1189 1742 1289 1807 recto.

254 1849 353 1922 Huic
371 1850 520 1947 aequalis
536 1851 604 1922 fiat
620 1850 700 1936 AB,
718 1862 757 1923 et
770 1850 823 1922 ita
836 1848 1046 1946 applicetur
1062 1858 1108 1921 ut
1125 1847 1176 1920 sit
1190 1844 1292 1920 altera

253 1963 331 2058 ejus
350 1962 567 2036 extremitas
584 1962 621 2036 in
640 1963 751 2060 plano
775 1962 851 2052 CB,
871 1974 909 2035 et
926 1962 974 2035 sit
988 1958 1290 2059 perpendicularis

252 2076 300 2149 ad
330 2076 395 2149 AC
429 2076 468 2149 iu
502 2088 641 2172 puncto
672 2078 721 2150 A:
756 2088 796 2149 et
825 2074 1086 2171 compleantur
1114 2072 1289 2171 parallelo

251 2213 419 2285 gramma
436 2187 538 2262 obed
556 2202 595 2262 et
611 2188 757 2263 ABCD.
808 2188 977 2262 Ducatur
994 2210 1039 2261 ce
1061 2185 1289 2285 perpendicu-

251 2304 379 2377 lariter
396 2303 443 2376 ad
461 2302 604 2377 radium
622 2303 822 2377 refractum
838 2301 884 2376 ek
911 2302 950 2374 in
967 2315 1112 2398 puncto
1130 2326 1165 2391 c,
1181 2312 1218 2374 et
1238 2299 1287 2373 GE

251 2416 606 2513 perpendiculariter
645 2416 693 2489 ad
732 2415 877 2489 radium
918 2415 1123 2488 refractum
1158 2414 1223 2489 CK
1255 2413 1285 2485 iu

250 2543 389 2626 puncto
408 2530 449 2603 C.
494 2530 551 2602 Sit
568 2541 692 2603 autem
709 2554 751 2601 cc
768 2528 918 2625 aequalis
936 2528 988 2601 cd
1002 2528 1062 2601 vel
1080 2526 1142 2618 ab,
1159 2529 1284 2601 sicutet

252 2644 312 2716 ΟΕ
339 2643 488 2739 aequalis
517 2644 581 2716 CD
608 2644 664 2716 vel
693 2645 770 2716 AB.
824 2644 952 2739 ltaque
981 2641 1118 2715 ductus
1145 2639 1283 2714 circulus

251 2768 378 2828 centro
405 2781 436 2845 c,
460 2757 656 2829 intervallo
682 2782 734 2847 ce,
757 2756 930 2829 transibit
953 2754 1077 2851 perd,
1105 2767 1144 2829 et
1169 2754 1282 2827 ductus

251 2870 410 2942 circulus
437 2882 565 2942 centro
586 2871 628 2959 C,
647 2870 841 2942 intervallo
869 2869 942 2957 GE,
962 2868 1139 2941 transibit
1161 2891 1226 2964 per
1246 2866 1280 2937 ll.

248 2984 332 3056 Jam
347 2983 520 3078 quoniam
538 3008 579 3055 ce
598 2996 637 3055 et
654 2984 715 3056 ΟΕ
734 2994 820 3056 sunt
837 2982 1164 3079 perpendiculares
1180 2980 1223 3054 ad
1239 3003 1278 3052 ra·

249 3096 329 3169 dios
347 3097 525 3170 refractos
547 3097 592 3169 cle
608 3109 647 3169 et
666 3096 744 3186 CK,
764 3110 802 3169 et
819 3096 979 3192 aequales
1006 3097 1116 3170 lincis
1139 3096 1225 3169 lucis
1243 3090 1277 3165 al

249 3223 287 3284 et
303 3211 382 3300 AB,
403 3211 523 3284 ductae
541 3237 593 3309 up
610 3223 649 3283 et
666 3212 730 3284 ΑΡ
742 3210 1068 3307 perpendiculares
1084 3210 1134 3283 ad
1150 3210 1274 3306 planum
1321 3292 1323 3301 Ι

247 3324 368 3414 chB,
382 3339 492 3398 erunt
509 3348 727 3421 progressus
739 3325 832 3398 lucis
850 3326 888 3398 in
907 3325 1029 3397 medio
1048 3349 1145 3411 raro,
1163 3325 1198 3396 iu
1209 3344 1273 3418 pro
1321 3308 1323 3317 ’

246 3439 376 3536 positis
395 3438 705 3528 inclinationibuS,
724 3450 763 3512 et
779 3464 831 3526 er,
842 3439 910 3512 ER
922 3462 1141 3535 progressus
1157 3434 1272 3511 lucisin

247 3552 369 3625 medio
389 3552 514 3627 denso.
568 3553 642 3626 Sed
659 3566 717 3626 est
733 3577 800 3649 per
817 3552 1105 3649 praecedentem,
1121 3563 1164 3625 ut
1179 3543 1270 3647 apud

113 3720 117 3727 -
247 3667 347 3738 erin
373 3691 449 3739 una
471 3666 723 3755 inclinatione,
739 3667 791 3739 ita
808 3665 872 3739 ΑΡ
889 3665 938 3738 ad
956 3665 1024 3739 ER
1049 3665 1089 3738 iu
1107 3665 1215 3739 altera
1229 3660 1270 3732 in-

247 3778 458 3853 clinatione.
511 3780 694 3867 Secundo,
713 3780 759 3852 sit
783 3778 947 3852 medium
965 3778 1141 3875 primum,
1164 3794 1268 3868 nempe

247 3892 347 3988 quod
365 3904 422 3965 est
448 3916 558 3989 supra
575 3893 724 3988 planum
743 3891 863 3980 chB,
882 3890 1052 3983 densum,
1071 3892 1170 3989 quod
1184 3888 1266 3969 infra

246 4029 395 4078 rarum:
422 4007 486 4079 ubi
513 4006 607 4079 radii
634 4006 783 4079 refracti
801 4005 850 4078 ad
866 4018 992 4102 partes
1009 4030 1159 4080 aversas
1174 4029 1195 4077 a
1208 4021 1267 4098 prr·

244 4119 455 4215 pendiculo,
473 4121 548 4193 sint
565 4145 608 4216 eq
633 4134 671 4193 et
699 4120 778 4207 ΟΩ,
797 4133 835 4192 et
860 4120 907 4193 ad
934 4119 1036 4216 ipsos
1053 4116 1264 4217 perpendicu-

244 4233 340 4306 lares
358 4233 432 4306 sint
450 4235 544 4329 eset
562 4234 622 4307 CF
649 4233 809 4328 aequales
826 4233 933 4306 lineis
950 4233 1043 4306 lucis
1072 4231 1118 4305 ub
1135 4231 1188 4305 vel
1207 4224 1262 4305 ΑΒ

246 4359 283 4420 et
301 4347 347 4420 ad
365 4347 517 4443 planum
535 4345 641 4419 chB
660 4347 734 4419 sint
759 4345 1085 4442 perpendiculares
1097 4347 1149 4443 sa
1164 4354 1197 4415 et
1214 4335 1259 4410 lS

246 4462 423 4534 Similiter
439 4460 656 4556 probabitur
674 4483 764 4548 esse,
790 4470 832 4532 ut
859 4484 911 4557 ap
939 4459 989 4532 ad
1003 4458 1071 4556 fa,
1097 4460 1149 4531 ita
1163 4440 1259 4529 ΛΡΜ1

245 4575 313 4646 lS
366 4574 440 4647 Sed
456 4599 507 4671 op
526 4588 563 4647 et
582 4574 645 4646 ΑΡ
662 4586 748 4646 sunt
765 4573 867 4646 sinus
884 4571 1104 4668 angulorum
1126 4578 1255 4667 propul-
