2656 5136
475 660 807 713 necunsmsmca.
1087 647 1155 713 391

121 822 207 887 Nam
222 846 294 888 cum
310 822 512 910 naufragium
527 846 618 910 passa
632 833 682 889 est
691 823 837 889 Romana
851 834 992 909 potestas

164 923 221 986 Ad
235 922 379 1009 scopulos
395 933 527 1001 nostros,
538 925 677 1009 juraque
692 923 882 1009 perdiderat,

121 1021 258 1087 Evasere
273 1032 379 1087 tamen
394 1023 527 1108 praelati,
539 1032 573 1088 et
588 1023 745 1109 fragmina
759 1045 860 1108 pauca

163 1121 305 1205 Antiqui
314 1121 397 1206 juris
412 1122 499 1187 salva
513 1123 616 1188 tulere
631 1121 690 1187 sui.

122 1220 193 1285 Hoc
207 1219 330 1285 lucrum
345 1220 491 1304 quamvis
506 1244 572 1287 non
586 1243 738 1307 magnum
753 1223 921 1307 presbyter
935 1220 1000 1287 illis

164 1318 301 1395 Invidet,
318 1329 351 1384 et
366 1329 489 1404 partem
505 1320 621 1385 clamat
635 1319 750 1384 habere
766 1342 867 1385 suam.

119 1418 271 1503 Dumque
286 1418 333 1482 illi
347 1418 430 1484 bello
446 1429 570 1485 certant
584 1418 624 1485 dc
638 1417 813 1505 relligione,

162 1517 185 1579 J
188 1540 225 1580 us
240 1516 331 1603 regni
346 1517 482 1602 populus
497 1527 599 1583 certat
613 1516 729 1583 habere
744 1516 814 1582 sibi.

119 1615 196 1680 Non
211 1627 280 1680 crat
294 1616 328 1680 in
343 1615 437 1701 culpa
451 1616 551 1682 divini
563 1616 659 1682 lectio
675 1616 775 1693 Libri,

161 1714 196 1778 N
198 1738 233 1779 ec
248 1738 385 1781 vacuum
400 1726 450 1781 est
463 1716 582 1803 populo
597 1715 679 1780 ruris
694 1716 802 1781 adesse
816 1714 915 1782 libris.
1078 1721 1160 1781 1580

121 1812 184 1879 Sed
199 1815 292 1879 redeo
307 1815 463 1880 Romam:
487 1838 560 1900 quae
575 1815 620 1880 nil
635 1815 696 1880 nisi
710 1814 830 1902 grande
841 1814 1043 1901 sepulchrum
1058 1826 1115 1895 est,

162 1912 208 1977 Et
223 1912 313 1998 Papa
326 1914 366 1978 ad
381 1914 541 1980 tumulum
557 1914 693 1982 Caesaris
707 1916 822 1980 umbra
835 1914 966 1992 minax¹,

119 2012 272 2098 Regnans
287 2014 320 2077 in
336 2014 475 2081 tenebris
490 2037 569 2099 quas
584 2014 712 2092 fecerat,
728 2024 762 2081 et
776 2013 854 2080 facit
867 2015 944 2101 ipse,

162 2114 410 2199 Verborumquc
425 2115 505 2182 dolis
520 2116 608 2203 regia
617 2117 692 2201 jura
706 2126 826 2202 petens

120 2215 249 2279 Nicenae
267 2213 390 2301 Synodi
405 2215 557 2281 Patribus
572 2227 770 2282 concesserat
783 2216 860 2282 olim

162 2315 234 2379 Rex
250 2313 492 2393 Constantinus,
508 2315 564 2382 scd
578 2315 713 2380 nimium
727 2325 858 2392 temere,

120 2415 168 2478 Nc
184 2414 276 2479 Fidei
291 2415 364 2480 lites
379 2415 440 2481 alio
455 2416 514 2481 sub
526 2414 634 2501 judice
645 2414 741 2479 finem

163 2514 354 2600 Acciperent
370 2525 484 2600 praeter
498 2513 662 2600 spirituale
676 2515 793 2579 forum.

119 2612 183 2676 Pro
199 2636 241 2689 sc,
258 2612 399 2697 dumque
414 2623 612 2681 mererentur
625 2622 824 2678 concesserat
838 2611 908 2678 ille:

162 2711 210 2774 Hi
225 2734 347 2796 sempor
361 2721 506 2796 poscunt,
523 2722 557 2776 et
571 2710 664 2794 quasi
672 2712 746 2796 jure
761 2733 828 2775 suc.
986 2728 993 2739 ·
1079 2711 1159 2772 1590

119 2809 169 2874 De
185 2810 286 2874 causis
301 2809 395 2875 Fidei
410 2820 536 2874 tantum
552 2819 748 2876 concesserat
762 2808 835 2874 ille:

163 2908 222 2973 lati
237 2908 379 2994 personis
394 2908 575 2993 applicuere
590 2909 665 2975 suis.

119 3005 225 3071 Desiit
239 3029 280 3071 ex
294 3006 349 3071 illo
359 3006 426 3091 jam
441 3006 537 3091 longo
559 3016 701 3091 tempore
715 3005 817 3070 clerus

161 3104 346 3170 Formidare
361 3104 462 3170 minas
479 3103 624 3183 Caesaris,
641 3116 738 3188 atquc
753 3103 880 3169 sorumz

119 3205 191 3270 Noc
206 3205 245 3268 de
260 3203 445 3269 criminibus
460 3205 530 3269 vult
546 3205 735 3290 respondere
749 3215 881 3269 vocatus

162 3305 274 3369 Coram
290 3302 377 3369 civili
387 3303 494 3386 judice
509 3302 686 3369 clericulus.

118 3403 215 3470 Cur?
260 3402 346 3484 Quia
360 3400 482 3467 Paulus
496 3402 551 3479 ait,
569 3401 718 3467 “Nonne
732 3399 818 3465 inter
832 3407 955 3464 vosmet
969 3396 1094 3465 habetis

160 3511 180 3540 “
199 3501 328 3568 Solvere
344 3501 400 3585 qui
407 3502 495 3586 juste
505 3501 614 3587 jurgia
629 3511 734 3567 vestra
748 3499 866 3564 sciat?”

118 3605 180 3667 Sec.
208 3601 290 3683 Quae
306 3601 397 3666 Deus
411 3600 546 3665 indulsit
560 3600 680 3666 crudeli
691 3600 765 3684 jura
779 3599 839 3664 sub
853 3596 954 3674 hoste,

160 3700 237 3766 Non
252 3701 361 3766 eadem
379 3699 504 3766 Sanctis
519 3722 643 3785 semper
658 3698 801 3764 habenda
815 3696 912 3763 dedit.
1076 3698 1160 3759 1600

118 3799 239 3864 Vivere
254 3799 309 3863 vix
324 3798 424 3864 licuit
470 3798 583 3864 Licuit
593 3800 648 3884 jus
662 3797 789 3863 dicere?
835 3795 961 3872 Sancte,

160 3898 258 3963 Nunc
273 3921 411 3982 quoque,
424 3898 451 3962 si
465 3898 620 3984 placeant,
636 3896 743 3982 accipe
758 3905 931 3980 utrumque
946 3891 1050 3960 simul.

117 3998 177 4059 Pr.
204 3997 316 4072 sisar,
331 3996 358 4060 si
373 3997 465 4074 latro,
481 3997 508 4062 si
523 3995 664 4062 moecbus
678 3994 811 4061 clericus
825 4005 919 4072 esset,

160 4096 288 4181 Regum
298 4095 428 4180 judiciis
444 4096 625 4182 eripiendus
640 4105 717 4160 erat

120 4195 214 4272 sique
230 4218 322 4259 suum
338 4194 461 4280 Regem
471 4196 652 4281 jugulasset
665 4193 809 4280 proditor
823 4193 938 4279 ipsum,

162 4296 232 4357 Aut
246 4293 444 4378 compilasset
459 4294 590 4360 delubra
604 4305 713 4358 sancta
733 4292 812 4357 Dei:

118 4393 211 4457 Tunc
227 4393 449 4457 moderabatur
464 4415 574 4478 poenas
589 4391 735 4458 Ecclesia
743 4391 857 4476 judex,

356 4592 361 4620 ¹
376 4593 457 4664 [Vide
471 4592 772 4662 anrar·usu,1lnglicc‚
785 4589 918 4661 poss-s]
