<?xml version="1.0" encoding="UTF-8"?>
<!DOCTYPE html PUBLIC "-//W3C//DTD XHTML 1.0 Transitional//EN"
    "http://www.w3.org/TR/xhtml1/DTD/xhtml1-transitional.dtd">
<html xmlns="http://www.w3.org/1999/xhtml" xml:lang="en" lang="en">
 <head>
  <title>
</title>
<meta http-equiv="Content-Type" content="text/html;charset=utf-8" />
  <meta name='ocr-system' content='tesseract 3.04.00' />
  <meta name='ocr-capabilities' content='ocr_page ocr_carea ocr_par ocr_line ocrx_word'/>
</head>
<body>
  <div class='ocr_page' id='page_1' title='image "./thomhobbesmalme00hobbgoog_0358.png"; bbox 0 0 2656 5136; ppageno 0'>
   <div class='ocr_carea' id='block_1_1' title="bbox 536 628 1217 705">
    <p class='ocr_par' dir='ltr' id='par_1_1' title="bbox 536 628 1217 705">
     <span class='ocr_line' id='line_1_1' title="bbox 536 628 1217 705; baseline 0.003 -11"><span class='ocrx_word' id='word_1_1' title='bbox 536 643 763 695; x_wconf 75' lang='lat' dir='ltr'>namrarro.</span> <span class='ocrx_word' id='word_1_2' title='bbox 1147 628 1217 705; x_wconf 82' lang='grc'>347</span> 
     </span>
    </p>
   </div>
   <div class='ocr_carea' id='block_1_2' title="bbox 78 817 1222 1025">
    <p class='ocr_par' dir='ltr' id='par_1_2' title="bbox 78 817 1222 1025">
     <span class='ocr_line' id='line_1_2' title="bbox 78 817 1222 905; baseline 0.002 -24"><span class='ocrx_word' id='word_1_3' title='bbox 78 817 168 883; x_wconf 88' lang='lat' dir='ltr'>Belle</span> <span class='ocrx_word' id='word_1_4' title='bbox 194 828 301 883; x_wconf 91' lang='lat' dir='ltr'>noster</span> <span class='ocrx_word' id='word_1_5' title='bbox 329 817 381 883; x_wconf 93' lang='lat' dir='ltr'>ille</span> <span class='ocrx_word' id='word_1_6' title='bbox 414 817 561 885; x_wconf 89' lang='lat' dir='ltr'>Sodulius</span> <span class='ocrx_word' id='word_1_7' title='bbox 585 820 768 905; x_wconf 77' lang='lat' dir='ltr'><strong>Presbyter,</strong></span> <span class='ocrx_word' id='word_1_8' title='bbox 793 818 825 883; x_wconf 92' lang='lat' dir='ltr'>in</span> <span class='ocrx_word' id='word_1_9' title='bbox 851 841 915 884; x_wconf 91' lang='lat' dir='ltr'>uno</span> <span class='ocrx_word' id='word_1_10' title='bbox 937 818 1092 885; x_wconf 82' lang='lat' dir='ltr'>versiculo</span> <span class='ocrx_word' id='word_1_11' title='bbox 1117 827 1222 885; x_wconf 88' lang='lat' dir='ltr'>totum</span> 
     </span>
     <span class='ocr_line' id='line_1_3' title="bbox 79 939 453 1025; baseline -0.003 -21"><span class='ocrx_word' id='word_1_12' title='bbox 79 941 202 1025; x_wconf 81' lang='lat' dir='ltr'>spirans</span> <span class='ocrx_word' id='word_1_13' title='bbox 219 939 453 1005; x_wconf 80' lang='lat' dir='ltr'><strong>Athanasium!</strong></span> 
     </span>
    </p>
   </div>
   <div class='ocr_carea' id='block_1_3' title="bbox 218 1122 1031 1368">
    <p class='ocr_par' dir='ltr' id='par_1_3' title="bbox 218 1122 1031 1368">
     <span class='ocr_line' id='line_1_4' title="bbox 427 1122 948 1194; baseline 0 -17"><span class='ocrx_word' id='word_1_14' title='bbox 427 1122 488 1178; x_wconf 89' lang='lat' dir='ltr'>Una</span> <span class='ocrx_word' id='word_1_15' title='bbox 500 1142 608 1179; x_wconf 84' lang='lat' dir='ltr'>manens</span> <span class='ocrx_word' id='word_1_16' title='bbox 619 1124 721 1179; x_wconf 76' lang='lat' dir='ltr'>deitatis</span> <span class='ocrx_word' id='word_1_17' title='bbox 733 1125 816 1178; x_wconf 81' lang='lat' dir='ltr'>forms</span> <span class='ocrx_word' id='word_1_18' title='bbox 828 1125 948 1194; x_wconf 87' lang='lat' dir='ltr'>perennis</span> 
     </span>
     <span class='ocr_line' id='line_1_5' title="bbox 218 1217 1031 1291; baseline 0.005 -21"><span class='ocrx_word' id='word_1_19' title='bbox 218 1217 297 1280; x_wconf 89' lang='lat' dir='ltr'>Quod</span> <span class='ocrx_word' id='word_1_20' title='bbox 309 1219 422 1289; x_wconf 83' lang='lat' dir='ltr'>simplex</span> <span class='ocrx_word' id='word_1_21' title='bbox 434 1220 554 1289; x_wconf 81' lang='lat' dir='ltr'>triplicet,</span> <span class='ocrx_word' id='word_1_22' title='bbox 566 1220 689 1291; x_wconf 89' lang='lat' dir='ltr'>quodque</span> <span class='ocrx_word' id='word_1_23' title='bbox 700 1229 740 1274; x_wconf 87' lang='lat' dir='ltr'>est</span> <span class='ocrx_word' id='word_1_24' title='bbox 751 1219 905 1291; x_wconf 79' lang='lat' dir='ltr'>triplicabile</span> <span class='ocrx_word' id='word_1_25' title='bbox 918 1219 1031 1290; x_wconf 83' lang='lat' dir='ltr'>simplet.</span> 
     </span>
     <span class='ocr_line' id='line_1_6' title="bbox 219 1313 502 1368; baseline 0.011 -3"><span class='ocrx_word' id='word_1_26' title='bbox 219 1313 286 1366; x_wconf 84' lang='lat' dir='ltr'>Haec</span> <span class='ocrx_word' id='word_1_27' title='bbox 298 1325 337 1367; x_wconf 83' lang='lat' dir='ltr'>est</span> <span class='ocrx_word' id='word_1_28' title='bbox 348 1331 408 1368; x_wconf 86' lang='lat' dir='ltr'>vera</span> <span class='ocrx_word' id='word_1_29' title='bbox 419 1315 502 1368; x_wconf 86' lang='lat' dir='ltr'>fidcs¹.</span> 
     </span>
    </p>
   </div>
   <div class='ocr_carea' id='block_1_4' title="bbox 121 1462 1222 1587">
    <p class='ocr_par' dir='ltr' id='par_1_4' title="bbox 121 1462 1222 1587">
     <span class='ocr_line' id='line_1_7' title="bbox 121 1462 1222 1587; baseline 0.005 -23"><span class='ocrx_word' id='word_1_30' title='bbox 121 1499 192 1565; x_wconf 88' lang='lat' dir='ltr'>Nos</span> <span class='ocrx_word' id='word_1_31' title='bbox 213 1499 356 1586; x_wconf 81' lang='lat' dir='ltr'>profecto</span> <span class='ocrx_word' id='word_1_32' title='bbox 371 1501 466 1587; x_wconf 85' lang='lat' dir='ltr'>longe</span> <span class='ocrx_word' id='word_1_33' title='bbox 481 1462 663 1586; x_wconf 78' lang='lat' dir='ltr'>sequimur3</span> <span class='ocrx_word' id='word_1_34' title='bbox 687 1502 822 1568; x_wconf 90' lang='lat' dir='ltr'>cntheus</span> <span class='ocrx_word' id='word_1_35' title='bbox 844 1502 896 1568; x_wconf 92' lang='lat' dir='ltr'>ille</span> <span class='ocrx_word' id='word_1_36' title='bbox 919 1501 1047 1568; x_wconf 90' lang='lat' dir='ltr'>tandem</span> <span class='ocrx_word' id='word_1_37' title='bbox 1061 1501 1222 1569; x_wconf 79' lang='lat' dir='ltr'>deferbuit</span> 
     </span>
    </p>
   </div>
   <div class='ocr_carea' id='block_1_5' title="bbox 77 1621 1298 2404">
    <p class='ocr_par' dir='ltr' id='par_1_5' title="bbox 78 1621 1220 1708">
     <span class='ocr_line' id='line_1_8' title="bbox 78 1621 1220 1708; baseline 0.001 -23"><span class='ocrx_word' id='word_1_38' title='bbox 78 1622 170 1687; x_wconf 86' lang='lat' dir='ltr'>ardor</span> <span class='ocrx_word' id='word_1_39' title='bbox 182 1646 190 1696; x_wconf 83' lang='lat'><em>3</em></span> <span class='ocrx_word' id='word_1_40' title='bbox 207 1622 262 1686; x_wconf 89' lang='lat' dir='ltr'>tali</span> <span class='ocrx_word' id='word_1_41' title='bbox 276 1632 373 1686; x_wconf 88' lang='lat' dir='ltr'>oestro</span> <span class='ocrx_word' id='word_1_42' title='bbox 384 1646 447 1687; x_wconf 91' lang='lat' dir='ltr'>non</span> <span class='ocrx_word' id='word_1_43' title='bbox 463 1623 621 1708; x_wconf 82' lang='lat' dir='ltr'>rapimur3</span> <span class='ocrx_word' id='word_1_44' title='bbox 637 1633 670 1688; x_wconf 90' lang='lat' dir='ltr'>et</span> <span class='ocrx_word' id='word_1_45' title='bbox 684 1621 843 1688; x_wconf 73' lang='lat' dir='ltr'>nobishoc</span> <span class='ocrx_word' id='word_1_46' title='bbox 858 1622 927 1688; x_wconf 80' lang='lat' dir='ltr'>licet</span> <span class='ocrx_word' id='word_1_47' title='bbox 940 1645 998 1688; x_wconf 81' lang='lat' dir='ltr'>esse</span> <span class='ocrx_word' id='word_1_48' title='bbox 1012 1631 1076 1687; x_wconf 81' lang='lat' dir='ltr'>tom</span> <span class='ocrx_word' id='word_1_49' title='bbox 1087 1622 1220 1687; x_wconf 65' lang='lat' dir='ltr'>disemis.</span> 
     </span>
    </p>

    <p class='ocr_par' dir='ltr' id='par_1_6' title="bbox 77 1740 1298 2404">
     <span class='ocr_line' id='line_1_9' title="bbox 124 1740 1222 1828; baseline 0.002 -25"><span class='ocrx_word' id='word_1_50' title='bbox 124 1742 243 1805; x_wconf 84' lang='lat' dir='ltr'>Maluit</span> <span class='ocrx_word' id='word_1_51' title='bbox 257 1741 309 1805; x_wconf 94' lang='lat' dir='ltr'>hic</span> <span class='ocrx_word' id='word_1_52' title='bbox 324 1751 432 1806; x_wconf 90' lang='lat' dir='ltr'>noster</span> <span class='ocrx_word' id='word_1_53' title='bbox 446 1741 531 1807; x_wconf 91' lang='lat' dir='ltr'>inter</span> <span class='ocrx_word' id='word_1_54' title='bbox 545 1741 664 1826; x_wconf 91' lang='lat' dir='ltr'>primos</span> <span class='ocrx_word' id='word_1_55' title='bbox 679 1752 712 1807; x_wconf 92' lang='lat' dir='ltr'>et</span> <span class='ocrx_word' id='word_1_56' title='bbox 726 1741 897 1828; x_wconf 76' lang='lat' dir='ltr'>piscatores</span> <span class='ocrx_word' id='word_1_57' title='bbox 912 1740 1085 1828; x_wconf 86' lang='lat' dir='ltr'>Apostolos</span> <span class='ocrx_word' id='word_1_58' title='bbox 1100 1741 1222 1828; x_wconf 89' lang='lat' dir='ltr'>simpli·</span> 
     </span>
     <span class='ocr_line' id='line_1_10' title="bbox 78 1859 1221 1947; baseline 0.002 -23"><span class='ocrx_word' id='word_1_59' title='bbox 78 1861 207 1925; x_wconf 83' lang='lat' dir='ltr'>citatem</span> <span class='ocrx_word' id='word_1_60' title='bbox 238 1860 357 1925; x_wconf 89' lang='lat' dir='ltr'>discere</span> <span class='ocrx_word' id='word_1_61' title='bbox 388 1859 612 1939; x_wconf 83' lang='lat' dir='ltr'>Christianam,</span> <span class='ocrx_word' id='word_1_62' title='bbox 643 1884 739 1946; x_wconf 91' lang='lat' dir='ltr'>quam</span> <span class='ocrx_word' id='word_1_63' title='bbox 768 1861 853 1946; x_wconf 92' lang='lat' dir='ltr'>apud</span> <span class='ocrx_word' id='word_1_64' title='bbox 875 1859 1027 1925; x_wconf 85' lang='lat' dir='ltr'>Nicaenos</span> <span class='ocrx_word' id='word_1_65' title='bbox 1052 1870 1158 1947; x_wconf 90' lang='lat' dir='ltr'>patres</span> <span class='ocrx_word' id='word_1_66' title='bbox 1187 1869 1221 1926; x_wconf 92' lang='lat' dir='ltr'>et</span> 
     </span>
     <span class='ocr_line' id='line_1_11' title="bbox 80 1980 1221 2068; baseline 0.001 -22"><span class='ocrx_word' id='word_1_67' title='bbox 80 1980 245 2046; x_wconf 83' lang='lat' dir='ltr'>Graeculos</span> <span class='ocrx_word' id='word_1_68' title='bbox 262 1981 492 2066; x_wconf 84' lang='lat' dir='ltr'>theosophistas</span> <span class='ocrx_word' id='word_1_69' title='bbox 507 1982 696 2048; x_wconf 88' lang='lat' dir='ltr'>cerebellum</span> <span class='ocrx_word' id='word_1_70' title='bbox 712 1981 843 2068; x_wconf 86' lang='lat' dir='ltr'>perdere</span> <span class='ocrx_word' id='word_1_71' title='bbox 859 1981 1028 2047; x_wconf 90' lang='lat' dir='ltr'>attonitus:</span> <span class='ocrx_word' id='word_1_72' title='bbox 1052 1990 1221 2047; x_wconf 85' lang='lat' dir='ltr'>contentus</span> 
     </span>
     <span class='ocr_line' id='line_1_12' title="bbox 78 2100 1219 2189; baseline 0.002 -25"><span class='ocrx_word' id='word_1_73' title='bbox 78 2101 205 2166; x_wconf 90' lang='lat' dir='ltr'>nomine</span> <span class='ocrx_word' id='word_1_74' title='bbox 220 2100 407 2187; x_wconf 90' lang='lat' dir='ltr'>philosophi,</span> <span class='ocrx_word' id='word_1_75' title='bbox 423 2101 502 2167; x_wconf 90' lang='lat' dir='ltr'>laico</span> <span class='ocrx_word' id='word_1_76' title='bbox 517 2101 654 2189; x_wconf 85' lang='lat' dir='ltr'>ingenio,</span> <span class='ocrx_word' id='word_1_77' title='bbox 667 2112 701 2167; x_wconf 90' lang='lat' dir='ltr'>et</span> <span class='ocrx_word' id='word_1_78' title='bbox 715 2102 799 2166; x_wconf 81' lang='lat' dir='ltr'>ultra</span> <span class='ocrx_word' id='word_1_79' title='bbox 812 2101 965 2166; x_wconf 85' lang='lat' dir='ltr'>rationale</span> <span class='ocrx_word' id='word_1_80' title='bbox 979 2100 1093 2165; x_wconf 81' lang='lat' dir='ltr'>animal</span> <span class='ocrx_word' id='word_1_81' title='bbox 1108 2124 1219 2186; x_wconf 91' lang='lat' dir='ltr'>parum</span> 
     </span>
     <span class='ocr_line' id='line_1_13' title="bbox 78 2218 1298 2304; baseline 0 -20"><span class='ocrx_word' id='word_1_82' title='bbox 78 2219 239 2304; x_wconf 85' lang='lat' dir='ltr'>sapientis.</span> <span class='ocrx_word' id='word_1_83' title='bbox 285 2218 347 2284; x_wconf 89' lang='lat' dir='ltr'>Sed</span> <span class='ocrx_word' id='word_1_84' title='bbox 373 2219 489 2285; x_wconf 92' lang='lat' dir='ltr'>nollem</span> <span class='ocrx_word' id='word_1_85' title='bbox 514 2231 557 2298; x_wconf 89' lang='lat' dir='ltr'>te,</span> <span class='ocrx_word' id='word_1_86' title='bbox 584 2220 693 2298; x_wconf 88' lang='lat' dir='ltr'>lector,</span> <span class='ocrx_word' id='word_1_87' title='bbox 719 2219 853 2285; x_wconf 85' lang='lat' dir='ltr'>ulterius</span> <span class='ocrx_word' id='word_1_88' title='bbox 878 2218 1024 2285; x_wconf 90' lang='lat' dir='ltr'>detineri.</span> <span class='ocrx_word' id='word_1_89' title='bbox 1077 2218 1161 2284; x_wconf 86' lang='lat' dir='ltr'>Vale</span> <span class='ocrx_word' id='word_1_90' title='bbox 1186 2228 1220 2286; x_wconf 86' lang='lat' dir='ltr'>et</span> <span class='ocrx_word' id='word_1_91' title='bbox 1292 2232 1298 2255; x_wconf 81' lang='lat'><em>⁶</em></span> 
     </span>
     <span class='ocr_line' id='line_1_14' title="bbox 77 2339 193 2404; baseline 0 -1"><span class='ocrx_word' id='word_1_92' title='bbox 77 2339 193 2404; x_wconf 81' lang='lat' dir='ltr'>fruere.</span> 
     </span>
    </p>
   </div>
   <div class='ocr_carea' id='block_1_6' title="bbox 251 2534 1043 2606">
    <p class='ocr_par' dir='ltr' id='par_1_7' title="bbox 251 2534 1043 2606">
     <span class='ocr_line' id='line_1_15' title="bbox 251 2534 1043 2606; baseline 0.001 -18"><span class='ocrx_word' id='word_1_93' title='bbox 251 2537 258 2565; x_wconf 91' lang='lat'>¹</span> <span class='ocrx_word' id='word_1_94' title='bbox 280 2536 372 2606; x_wconf 78' lang='lat' dir='ltr'>[celii</span> <span class='ocrx_word' id='word_1_95' title='bbox 387 2535 484 2589; x_wconf 87' lang='lat' dir='ltr'>Sedulii</span> <span class='ocrx_word' id='word_1_96' title='bbox 498 2536 618 2589; x_wconf 77' lang='lat' dir='ltr'>Cannas</span> <span class='ocrx_word' id='word_1_97' title='bbox 634 2535 793 2600; x_wconf 69' lang='lat' dir='ltr'>Passurus,</span> <span class='ocrx_word' id='word_1_98' title='bbox 805 2536 850 2589; x_wconf 88' lang='lat' dir='ltr'>lib.</span> <span class='ocrx_word' id='word_1_99' title='bbox 864 2536 880 2589; x_wconf 89' lang='lat' dir='ltr'>i.</span> <span class='ocrx_word' id='word_1_100' title='bbox 894 2553 950 2589; x_wconf 84' lang='lat' dir='ltr'>rers</span> <span class='ocrx_word' id='word_1_101' title='bbox 969 2534 1043 2604; x_wconf 66' lang='grc'>281]</span> 
     </span>
    </p>
   </div>
   <div class='ocr_carea' id='block_1_7' title="bbox 0 0 1332 5136">
    <p class='ocr_par' dir='ltr' id='par_1_8' title="bbox 0 0 1332 5136">
     <span class='ocr_line' id='line_1_16' title="bbox 0 0 1332 5136; baseline 0 1"><span class='ocrx_word' id='word_1_102' title='bbox 0 0 1332 5136; x_wconf 95' lang='lat' dir='ltr'> </span> 
     </span>
    </p>
   </div>
  </div>
 </body>
</html>
