2692 4792
359 296 602 351 rarcrarns
622 297 812 352 opnione.
1032 281 1105 360 237

43 464 95 538 tia
109 463 174 553 td,
190 462 257 537 BD
275 462 406 538 iisdem
424 464 537 537 radiis
556 490 612 554 ac,
629 467 693 540 AC
713 465 926 564 aequalibus,
946 466 1105 563 comple-

43 589 163 649 antur
186 577 530 674 parallelogramma
548 578 658 670 abed,
677 580 821 654 ABCD.
874 580 1005 677 Sitque
1031 604 1107 652 me·

43 689 153 763 dium
180 691 280 788 quod
306 704 363 765 cst
389 691 497 781 infra,
522 691 690 786 chB,(
677 694 793 791 (quod
822 718 915 768 voco
944 693 1106 767 medinm

52 2504 289 2597 secundum),
308 2528 382 2578 non
401 2503 566 2602 ejusdem
584 2516 726 2576 naturae
744 2526 828 2575 cum
857 2501 977 2576 medio
1003 2504 1102 2600 quod

52 2635 108 2694 eat
136 2642 251 2715 supra
279 2617 393 2713 (quod
419 2642 510 2691 voco
534 2618 697 2690 medium
722 2616 924 2712 primum):
951 2617 1016 2689 sed
1045 2617 1104 2690 vel

54 2732 217 2819 densim,
236 2731 306 2803 hoc
325 2742 381 2804 est
409 2731 446 2802 in
465 2754 538 2827 qno
561 2729 702 2803 tardior
719 2729 767 2801 sit
790 2730 1008 2825 propagatio
1027 2755 1105 2803 mo·

54 2859 123 2929 tna,
135 2843 195 2916 vel
213 2843 343 2931 rarius,
361 2844 432 2916 hoc
449 2857 506 2916 est
522 2844 561 2915 in
579 2867 652 2940 quo
669 2842 831 2915 velocior
848 2842 895 2914 sit
921 2866 1103 2938 propaga-

54 2959 106 3033 tio
118 2970 253 3031 motus.
290 2957 346 3029 Sit
359 2958 437 3052 jam
452 2979 667 3052 progressus
684 2957 776 3029 lucis
794 2956 832 3028 in
847 2955 967 3028 medio
981 2957 1103 3052 primo

55 3071 91 3145 in
118 3072 238 3145 altera
262 3070 409 3166 quidem
441 3069 678 3144 inclinatione
704 3081 809 3143 recta
835 3094 893 3156 ac,
922 3069 960 3141 in
986 3069 1105 3144 altera

56 3208 142 3258 vero
161 3194 265 3256 recta
281 3182 366 3256 AC:
392 3182 450 3255 vel
477 3183 508 3255 si
525 3207 761 3279 progressum
786 3183 886 3255 hunc
903 3182 996 3256 lucis
1013 3184 1102 3256 veli-

56 3321 135 3370 mus
152 3318 365 3368 mensurare
382 3294 420 3367 in
438 3296 732 3391 perpendiculari
749 3296 795 3368 ad
819 3295 967 3392 planum
982 3295 1102 3387 chB,

56 3410 102 3482 ait
116 3411 154 3482 in
173 3407 291 3480 altera
308 3408 544 3482 inclinatione
562 3409 622 3493 alc,
641 3410 679 3484 in
696 3408 814 3481 altera
831 3409 912 3481 ΑΚ.
966 3409 1023 3482 Sit
1040 3434 1102 3483 an·

56 3536 129 3595 tem
147 3544 365 3617 progressus
383 3521 475 3594 lucis
493 3522 530 3594 in
550 3522 670 3596 medio
688 3522 850 3595 secundo
868 3522 996 3595 eodem
1012 3537 1103 3596 tem·

56 3659 144 3730 pore
173 3635 291 3730 major
316 3633 374 3707 vel
404 3635 525 3709 minor
553 3660 663 3732 quarn
692 3637 730 3708 in
758 3637 890 3732 primo,
921 3637 959 3709 in
988 3638 1105 3711 altera

55 3747 204 3845 quidem
219 3746 456 3820 inclinatione
474 3747 527 3837 be,
540 3749 680 3823 scilicet
693 3750 724 3822 si
743 3748 890 3822 densius
907 3749 956 3821 sit
973 3773 1102 3822 secun·

57 3862 143 3935 dum
163 3859 325 3933 medium
343 3885 451 3958 quam
470 3863 643 3957 primum,
661 3863 717 3936 vel
739 3861 788 3959 bs
797 3863 827 3935 si
845 3863 975 3936 rarius.
1027 3865 1104 3936 Aut

56 3976 86 4046 ai
105 3973 260 4046 velimus
276 3996 510 4070 progressum
530 3975 627 4048 hunc
645 3998 857 4048 mensurare
884 3974 922 4047 in
945 3998 1104 4071 perpen-

56 4086 213 4160 diculari
230 4085 277 4159 ad
300 4086 450 4182 planum
469 4086 591 4177 chB,
611 4088 660 4162 sit
683 4088 720 4162 ie
736 4110 953 4185 progressus
976 4086 1037 4159 ille
1063 4087 1103 4161 in

58 4200 219 4273 densiori
237 4200 369 4289 medio,
385 4200 449 4300 gf
467 4202 504 4275 in
523 4202 674 4277 rariori:
702 4203 740 4275 in
758 4203 874 4275 altera
901 4211 1036 4289 cutem,
1055 4202 1103 4273 sit

1148 494 1231 533 raon.
1248 494 1289 535 xl.

1145 563 1288 598 *ar-³
