2656 5136
423 704 759 759 scenssrasrrcA.
1036 691 1104 770 371

66 871 127 934 Pr.
152 869 223 934 Hos
238 869 332 955 ipsos.
378 867 524 953 Quorum
539 871 658 936 multos
674 871 818 937 Ecclesia
832 871 979 938 habebat.

109 968 273 1053 Quicquid
288 969 445 1054 cepissent
459 970 549 1048 retia,
565 970 660 1057 piscis
675 981 751 1036 erat.

64 1067 117 1133 Ex
132 1069 244 1133 horum
260 1092 393 1134 numero
408 1070 506 1135 fiebat
520 1069 697 1156 episcopus,
709 1079 748 1134 nt
763 1071 835 1154 quis

107 1168 248 1254 Insignis
262 1168 396 1255 logicus,
412 1168 629 1234 rhetoricusve
645 1169 717 1233 fuit

65 1265 131 1349 Qui
146 1266 262 1332 veteris
277 1278 401 1332 certant
416 1267 531 1332 imbuti
547 1291 651 1333 errore
666 1267 819 1354 magistri,

106 1365 218 1431 Verba
233 1365 296 1431 Dei
310 1366 351 1430 ad
366 1377 483 1431 sectam
499 1366 614 1431 ducere
630 1366 765 1452 quisque
781 1390 878 1432 suam.

63 1463 247 1528 Verborum
262 1487 403 1550 pugnam
418 1464 502 1550 parit
517 1463 697 1550 ignorantia
711 1464 838 1542 discors,

107 1562 213 1643 Quum
229 1586 332 1628 noxus
346 1586 453 1628 rerum
469 1563 637 1628 conciliare
652 1563 741 1628 solet

64 1661 191 1726 Horum
207 1663 344 1746 quisque
358 1672 465 1727 tamen
480 1662 605 1748 sapiens
619 1662 679 1727 sibi
694 1672 760 1727 tam
775 1662 979 1730 vehementer

106 1761 187 1826 Esse
203 1761 379 1838 videbatur,
395 1772 526 1845 tamque
542 1764 697 1847 superbus
711 1771 789 1838 erat,

64 1860 115 1924 Ut
130 1859 413 1945 non-philosophos
428 1883 495 1947 prae
511 1883 544 1926 se
559 1870 778 1926 contemneret
792 1884 910 1938 omnes,

107 1958 158 2023 Ut
172 1958 308 2044 pecudes
324 1960 457 2024 totidem
473 1982 546 2043 quae
560 1960 682 2025 ratione
697 1971 814 2025 carent

64 2056 284 2142 Philosophos,
300 2057 411 2122 iisdem
426 2058 453 2123 si
468 2081 532 2124 non
547 2058 684 2124 didicere
699 2059 870 2146 magistris,

108 2157 310 2243 Spurcabant
323 2158 407 2243 ipsos
422 2181 487 2243 quo
508 2168 641 2243 potuere
655 2159 734 2223 luto.
1043 2166 1107 2225 820

64 2256 139 2339 Qua
153 2258 228 2322 freti
243 2257 388 2323 virtute?
432 2257 532 2323 Modo
548 2259 707 2342 quoniam,
724 2268 821 2343 atque
834 2260 939 2346 figura

109 2357 241 2423 Scibant
255 2357 417 2435 disserere,
433 2370 466 2423 et
479 2358 590 2423 ludere
604 2357 638 2422 in
653 2357 812 2444 ambiguo.

64 2457 146 2521 Haee
160 2457 223 2521 illis
236 2456 349 2542 logica,
365 2457 456 2533 ratio,
472 2456 637 2542 sapientia,
653 2456 765 2533 virtus,

107 2556 263 2632 Ambitio,
279 2578 360 2640 spes,
377 2565 410 2621 et
424 2555 526 2642 gioria
540 2578 665 2620 summa
679 2555 753 2621 fuit.

63 2655 179 2739 Deque
194 2655 290 2720 sacris
304 2656 409 2721 vorbis
424 2656 501 2721 dum
516 2656 722 2742 disceptatur,
738 2655 772 2720 in
786 2664 888 2721 artem

106 2754 259 2818 Vertitur
273 2755 415 2841 ignotam
430 2754 596 2820 debilitata
608 2754 696 2820 fides.

64 2853 132 2917 Ars
147 2853 257 2938 ignota
271 2852 344 2930 suit,
357 2877 428 2938 quae
440 2876 527 2918 nunc
541 2864 590 2918 est
605 2853 804 2939 Theiologia

107 2952 166 3015 An
181 2951 428 3037 circumscripsit
443 2952 516 3036 quis
531 2952 599 3017 sine
613 2952 678 3017 fine
693 2952 825 3017 Deum?

65 3051 148 3133 Quae
163 3051 332 3115 denatura
345 3050 454 3116 divina
469 3051 574 3116 dicere
587 3051 636 3116 fas
651 3061 710 3128 est,

109 3149 256 3233 Quaeque
271 3160 376 3214 tacere
391 3149 492 3226 dccet,
508 3148 632 3235 Pagina
649 3148 745 3215 Sacra
759 3148 859 3215 docet.
1045 3154 1107 3212 830

64 3249 250 3334 Discipulus
266 3247 388 3315 Christi
403 3247 594 3314 discernitur
608 3247 782 3334 agnitione,

107 3348 153 3413 Et
167 3348 267 3425 cultu,
287 3346 375 3414 Sacri
390 3370 486 3431 quem
502 3347 637 3412 docuere
652 3347 755 3423 Libri,

63 3449 109 3513 Et
125 3448 201 3524 vita,
217 3470 289 3531 quae
305 3446 348 3512 sit
361 3446 477 3511 diviuoe
488 3469 629 3533 congrua
643 3446 720 3532 legi:

106 3547 141 3611 N
142 3571 183 3613 on
199 3571 218 3612 a
233 3546 369 3611 Naturae
384 3545 565 3632 cognitione
583 3543 697 3611 Sacrae.

64 3650 127 3711 Sec.
153 3649 205 3711 At
219 3669 276 3712 cur
292 3645 409 3710 Niceni
424 3656 516 3710 tanto
531 3644 697 3710 conamine
712 3643 873 3728 quondam

108 3746 158 3810 De
175 3745 301 3811 Christo
315 3744 446 3832 physice
461 3744 637 3809 dissemere
652 3742 783 3808 Patres:

66 3845 150 3911 Cum
166 3844 244 3908 nihil
259 3845 292 3908 in
307 3855 376 3910 tota
393 3845 559 3930 Scriptura
573 3842 688 3908 clarius
703 3849 793 3907 extet

109 3944 214 4026 Quam
232 3943 404 4010 Salvator-is
418 3968 491 4010 cum
506 3966 578 4009 caro
592 3952 663 4008 tum
678 3941 813 4007 Deitas?

65 4044 124 4106 Pr.
150 4042 227 4119 Cur,
243 4042 305 4107 nisi
320 4043 405 4127 quod
420 4042 537 4129 puduit
552 4042 724 4127 quicquam
742 4040 863 4105 nescire
878 4039 977 4105 videri

108 4141 348 4228 Philosophum,
363 4153 421 4207 aut
434 4143 555 4208 victum
570 4141 700 4217 discere,
715 4161 791 4206 vera
805 4141 904 4205 licet?
1042 4144 1106 4201 840

66 4242 154 4306 Dum
169 4255 315 4328 pugnant
329 4242 404 4307 freti
418 4241 535 4308 veteris
549 4241 672 4306 ratione
682 4240 837 4324 magistri,

108 4342 142 4404 N
144 4365 186 4406 on
201 4352 332 4406 tenuere
346 4364 461 4407 novam
476 4364 551 4405 vasa
564 4350 693 4406 vetusta
706 4338 829 4403 Fidem.

65 4444 169 4508 Causa
183 4442 348 4528 potestatis
364 4452 469 4506 tamen
484 4440 553 4505 haec
567 4439 723 4505 discordia
736 4439 880 4516 Petrum,

109 4541 306 4626 Principium
322 4552 356 4606 et
369 4541 461 4627 regni
475 4540 647 4626 spiritualis
662 4552 738 4605 erat.

66 4642 99 4706 N
101 4666 151 4706 am
168 4639 400 4707 Constantinus
414 4639 540 4727 populis
555 4640 630 4704 dum
646 4638 776 4705 reddere
791 4658 899 4723 paoem

907 4760 931 4809 B
950 4759 972 4809 B
990 4756 1005 4796 2
