2656 5136
619 69 710 178 Q
721 107 722 110 l

719 151 721 162 l

710 165 717 174 .

478 686 816 742 nccunsmsrrcu.
1017 648 1031 673 ⁶
1095 673 1166 754 375

125 844 194 912 Cur
208 870 271 912 non
286 860 320 914 et
334 849 401 914 sine
417 859 449 914 te
463 849 559 915 liceat
572 850 650 914 mihi
665 874 779 937 cogere
794 874 955 938 quemquo

169 946 332 1025 Vestrum,
348 948 435 1032 quod
450 957 557 1035 sperat
571 971 715 1033 quoerere
730 973 818 1018 more
832 953 927 1018 meo?

125 1045 220 1126 Quod
235 1047 263 1111 si
277 1047 444 1132 praeceptis
458 1070 526 1113 rem
541 1058 664 1113 tantam
679 1050 807 1118 credere
822 1051 938 1117 vestris

167 1144 303 1211 Insanus
318 1146 453 1232 cupiam,
470 1147 543 1231 quis
557 1147 636 1211 mihi
651 1148 766 1215 ductor
780 1149 866 1217 erit?

124 1242 210 1307 Nam
225 1245 302 1309 dum
317 1245 469 1310 continuo
484 1246 645 1332 pugnatis,
662 1248 768 1313 nescio
783 1249 892 1335 cujum

168 1342 245 1409 Sum
261 1367 374 1429 pecus:
399 1355 433 1409 et
449 1344 557 1410 videor
576 1346 722 1412 neutrius
737 1370 805 1414 esse
819 1347 907 1414 mihi.

123 1442 195 1508 Hoc
211 1443 285 1520 scio,
302 1467 372 1509 sum
389 1442 531 1510 Christi:
556 1444 612 1529 qui
622 1446 721 1530 jussit
735 1447 865 1535 regibus
880 1470 989 1514 omnes

165 1541 360 1607 Auscultare
376 1542 449 1607 suis.
495 1542 570 1608 Rex
585 1544 663 1607 mihi
678 1555 782 1610 rector
793 1546 865 1623 erit,

121 1640 195 1705 Rex
209 1641 288 1705 mihi
303 1652 408 1707 rector
422 1642 485 1707 erit
499 1641 605 1707 vocis:
630 1664 719 1708 mens
734 1643 834 1709 libera
848 1645 906 1711 soli

164 1738 297 1805 Parebit
311 1739 461 1818 Domino,
478 1762 543 1824 quo
557 1741 636 1807 velit
651 1742 704 1808 ille
719 1743 823 1809 modo.

120 1838 197 1901 Jam
212 1839 320 1903 divina
334 1839 436 1904 Libro
451 1840 565 1904 defixit
578 1840 682 1926 gratia
699 1840 805 1919 Sacro,

165 1936 270 2017 Quam
287 1941 418 2003 servabo
433 1938 547 2003 Fidem
560 1962 568 2013 ;
592 1939 619 2003 si
634 1949 743 2005 tamen
757 1939 810 2006 ille
825 1941 914 2006 velit.

122 2034 238 2116 Quam,
254 2048 342 2121 puto,
358 2037 524 2103 doctorum
539 2039 697 2103 sententia
711 2039 801 2104 nulla
814 2041 945 2127 refiget3

166 2133 229 2199 Sed
245 2158 303 2200 nec
318 2159 355 2201 co
371 2137 482 2222 patriae
492 2137 568 2220 jura
582 2138 698 2203 tenebo
713 2137 828 2204 minus.

122 2232 209 2313 Quid
224 2234 315 2300 nobis
332 2235 443 2312 Arius,
460 2234 538 2319 quid
554 2235 780 2301 Athanasius?
817 2236 993 2322 Reperitur

164 2333 203 2396 In
218 2334 284 2399 solo
299 2357 387 2402 sacro
402 2335 510 2401 codice
524 2335 619 2420 plena
633 2335 728 2400 salus.

122 2432 217 2498 Unde
232 2433 331 2519 igitur
346 2434 481 2499 Patrum
496 2434 653 2500 discordia
667 2445 759 2500 tanta
772 2434 917 2521 profecta
929 2443 988 2511 est,

164 2532 198 2598 Si
213 2557 276 2598 non
292 2534 423 2599 ambitio
438 2534 576 2599 maxima
591 2557 686 2600 causa
700 2534 789 2600 suit?

119 2633 292 2718 Indignum
307 2634 409 2699 doctis
424 2657 488 2699 non
504 2657 594 2720 reges
609 2657 677 2700 esse
693 2634 852 2720 putabant

161 2731 363 2817 Philosophi:
389 2733 546 2817 pecudum
561 2756 618 2798 nos
633 2733 772 2799 habuere
786 2733 864 2798 loco.
1098 2734 1162 2794 980

118 2832 179 2895 Pr.
202 2831 282 2895 Post
297 2831 383 2896 hunc
398 2830 664 2914 Theudosiusque
679 2854 823 2916 puerque
838 2829 1087 2896 Valentinianus

160 2929 378 3012 (Theudosius
394 2928 550 3015 Magnus)
565 2941 690 3015 sceptra
703 2930 841 2995 habuere
856 2930 958 2995 simul.

120 3027 252 3093 Vicerat
268 3027 318 3092 hic
334 3026 485 3104 Gotthos,
501 3038 533 3092 et
549 3050 602 3092 eos
617 3027 735 3093 servire
749 3027 856 3114 coegit

161 3125 286 3202 Victus,
302 3127 356 3192 sod
372 3138 458 3192 certa
472 3126 664 3201 conditione,
680 3126 750 3191 sibi.

119 3226 184 3290 Hie
199 3236 232 3290 et
248 3225 384 3290 Iberinis
399 3225 499 3290 victas
514 3226 651 3309 ejecerat
665 3224 750 3289 arvis

161 3324 285 3392 Gentes
300 3324 504 3398 Vandalicas,
520 3323 708 3389 haereticum
723 3322 886 3410 populum.

117 3426 248 3510 Imperii
263 3449 387 3490 summa
401 3425 519 3489 meruit
534 3423 656 3488 virtute
670 3443 838 3488 coronam:

159 3525 183 3590 J
187 3548 242 3590 ure
257 3525 353 3590 etiam
370 3523 475 3589 tenuit
490 3546 564 3587 cum
580 3521 640 3586 sibi
656 3522 753 3587 dante
767 3520 847 3607 pari.

117 3616 301 3691 Catholicus
316 3624 389 3700 suit,
402 3634 436 3688 et
451 3622 589 3687 multum
605 3622 769 3706 praebebat
783 3619 934 3686 honorem

160 3723 306 3788 Praelatis
321 3723 440 3787 sanctis
455 3721 494 3786 de
508 3743 606 3807 grege
623 3719 801 3786 Catholico.

118 3822 151 3885 N
153 3846 189 3887 ec
204 3823 264 3886 nisi
280 3823 427 3888 concordi
442 3823 592 3886 censebat
606 3819 708 3884 milite
723 3818 806 3884 bella

161 3920 282 3987 Contra
296 3921 466 3987 concordes
482 3943 631 4006 prospera
645 3940 736 4005 posse
751 3917 828 4005 geri.

118 4020 180 4084 llis
198 4019 363 4105 Synodum
378 4021 480 4085 causis
495 4020 621 4084 indixit
668 4017 847 4102 Episcopus
862 4012 964 4080 omnis

160 4120 469 4205 Constantinopolin,
481 4121 590 4204 jussus
604 4118 701 4194 adire,
717 4116 815 4182 venit

118 4220 256 4304 Spiritus
271 4219 322 4285 hic
340 4222 476 4285 Sanctus
490 4218 673 4284 decernitur
687 4240 755 4282 esse
770 4213 921 4281 colendus

161 4319 210 4383 Ut
224 4319 324 4396 Deus,
341 4331 375 4383 et
389 4318 474 4383 credi
489 4318 528 4382 de
544 4339 676 4382 numero
691 4338 759 4380 esse
775 4313 847 4379 Dei.

117 4419 182 4483 llic
198 4442 326 4504 quoque
341 4420 509 4482 firmantur
526 4416 675 4503 Synodus
690 4415 817 4480 decreta
834 4411 966 4476 Nicenae

159 4520 295 4585 Omnia:
321 4516 548 4585 Christicolum
563 4516 791 4602 perficiturque
806 4511 912 4575 Fides.

116 4618 195 4683 Post
210 4618 295 4684 hunc
310 4616 462 4684 successit
478 4614 641 4680 Honorius
657 4611 893 4695 Arcadiusque,
