2656 5136
171 658 219 724 48
418 666 620 730 ,rosarum
641 672 967 727 ononurnrcun.

0 865 36 905 ro
56 865 130 905 .xx.
171 864 237 934 per
254 839 282 912 P
300 839 457 914 ducatur
470 839 541 916 ΥΟ
556 840 732 938 parallelo
749 840 824 931 BG,
837 865 967 916 secans
984 840 1212 939 diagonalem

46 952 296 1045 „,„„1.]3Din
315 955 363 1041 Q,
384 967 420 1028 et
442 953 506 1027 EF
529 955 569 1028 in
594 955 644 1027 V:
671 957 973 1054 complenturque
995 956 1213 1054 quadratum

31 1069 59 1130 .¹¹
131 1058 159 1100 “⁸
171 1063 334 1157 DYQM,
352 1070 456 1163 enjus
473 1067 570 1142 latus
587 1067 667 1143 ΟΜ
684 1084 784 1142 secet
800 1093 929 1143 meam
947 1069 1014 1144 AC
1033 1070 1075 1143 in
1094 1069 1142 1143 N.

222 1180 275 1254 Ut
292 1204 381 1276 ergo
400 1181 620 1277 quadratum
638 1207 661 1255 a
678 1181 745 1255 DF
762 1182 811 1256 ad
827 1184 1052 1279 quadratum
1076 1180 1145 1257 DP
1160 1180 1212 1257 vel

172 1292 250 1381 DC,
267 1294 322 1367 ita
339 1307 395 1368 est
413 1295 634 1391 quadratum
651 1320 674 1368 a
691 1294 756 1370 DC
777 1295 826 1369 ad
848 1296 1075 1392 quadratum
1091 1320 1115 1370 a
1131 1293 1213 1370 DY.

173 1408 240 1479 Est
266 1431 354 1502 ergo
382 1408 603 1505 quadratum
620 1406 756 1481 ABCD
774 1416 798 1482 5
816 1432 973 1505 quorum
997 1408 1212 1506 quadratum

173 1518 329 1594 DYQM
346 1533 402 1594 est
419 1524 454 1594 4.

221 1634 244 1706 J
246 1646 406 1730 ungatur
421 1632 513 1721 YM,
527 1658 611 1730 quae
624 1632 765 1708 dividet
778 1632 853 1709 Du
869 1634 1053 1709 bifariam.
1089 1634 1213 1710 Ducite

172 1746 261 1819 item
280 1749 356 1836 PK,
375 1747 459 1837 ΝΟ,
477 1747 541 1821 illa
560 1745 667 1820 lateri
685 1746 767 1836 AB,
785 1747 866 1822 haeo
885 1748 995 1823 lateri
1018 1749 1085 1823 Bc
1100 1748 1214 1847 paral

172 1860 255 1947 leia,
286 1862 464 1935 secabunt
493 1884 533 1934 se
563 1874 694 1934 mutuo
717 1870 756 1933 et
780 1859 829 1934 ad
855 1860 1012 1959 angulos
1036 1862 1214 1937 rectosin

173 1973 295 2047 medio
313 1986 423 2047 reetae
441 1972 525 2048 DQ.

225 2087 409 2162 Quoniam
423 2086 536 2181 igitur
548 2083 770 2181 quadratum
781 2083 918 2161 ABCD
931 2097 988 2159 est
1000 2086 1052 2159 ad
1064 2086 1219 2185 quadra-

173 2213 254 2273 tum
271 2196 421 2288 DYQM
438 2210 482 2271 ut
501 2196 586 2271 aad
599 2207 635 2282 4,
646 2197 719 2270 erit
731 2198 953 2295 quadratam
966 2222 989 2272 a
1002 2197 1081 2275 Da
1096 2206 1121 2274 8
1134 2224 1214 2297 quo

177 2337 259 2385 rum
277 2311 499 2406 quadratum
519 2310 567 2384 ab
588 2311 661 2385 ΥΟ
686 2322 743 2385 est
761 2321 796 2395 4,
815 2324 853 2385 et
876 2312 1099 2409 quadratum
1117 2338 1140 2388 a
1156 2310 1214 2387 DC

175 2437 210 2515 5,
230 2439 269 2497 et
286 2423 505 2520 quadratum
524 2448 546 2496 a
565 2423 716 2497 dimidia
734 2423 808 2498 Da
832 2435 868 2499 2.

224 2537 455 2613 Quadratum
480 2560 569 2633 ergo
586 2561 609 2609 a
625 2537 778 2609 dimidia
802 2536 876 2612 Do
896 2549 952 2611 est
976 2537 1060 2611 dnae
1085 2540 1215 2635 quinta

174 2651 344 2747 quadrati
363 2648 509 2724 ABCD.
542 2651 609 2723 Est
626 2674 715 2746 ergo
734 2650 887 2724 dimidia
905 2649 980 2727 Do
996 2651 1122 2725 media
1137 2676 1215 2748 pro

174 2764 389 2861 portionalis
417 2763 513 2836 inter
539 2763 852 2837 semidiametrum
875 2762 940 2838 DC
963 2778 1003 2836 et
1027 2765 1121 2839 duas
1142 2766 1215 2861 ejus

175 2878 332 2972 quintas,
351 2891 389 2951 et
406 2877 560 2974 proinde
577 2877 727 2973 aqualis
745 2875 822 2951 DZ.
863 2877 929 2950 Est
947 2890 1075 2952 autem
1093 2879 1123 2952 Z
1139 2903 1215 2952 oen·

175 3005 274 3064 trum
301 3002 380 3065 tum
408 2990 684 3087 magnitudinis,
714 3005 793 3063 tum
818 2991 1022 3086 gravitatis
1050 2992 1216 3089 quadrati

177 3104 342 3180 DYQM:
369 3118 408 3178 et
434 3117 614 3201 punctum
643 3104 661 3176 1
692 3117 861 3178 centrum
891 3106 1158 3202 magnitudinis
1182 3117 1217 3179 et

174 3219 366 3314 gravitatis
385 3217 556 3314 quadrati
573 3214 721 3290 ABCD.

224 3331 424 3404 Ostensnm
451 3341 575 3404 autem
606 3341 673 3417 est,
700 3330 951 3427 propositione
981 3331 1069 3405 xviii
1099 3333 1215 3429 hujus

173 3443 395 3540 quadratum
421 3443 571 3520 DYQM
597 3456 636 3516 et
659 3442 902 3538 quadrantem
930 3442 1035 3518 DAO
1065 3446 1164 3520 inter
1182 3470 1217 3519 se

174 3581 254 3631 esse
276 3555 443 3653 aequalia,
469 3568 506 3631 et
529 3557 677 3629 trilinea
701 3555 805 3645 CYP,
830 3554 943 3645 Pan,
967 3556 1098 3648 AMN,
1118 3558 1218 3635 NQL

174 3693 253 3743 esse
270 3671 367 3743 inter
384 3694 423 3743 se
439 3670 604 3766 aequalia.
659 3670 759 3766 Ergo
782 3671 812 3742 si
830 3695 853 3743 a
870 3670 1052 3767 quadrato
1071 3672 1216 3749 Dran

173 3782 388 3857 auferantur
421 3783 494 3856 duo
529 3784 676 3857 trilinea
705 3784 860 3882 aequalia
894 3784 1003 3874 Pan,
1034 3787 1153 3876 NQL,
1182 3799 1216 3859 et

173 3895 358 3970 addantur
382 3896 501 3969 eidem
525 3897 704 3990 quadrato
728 3897 801 3970 duo
824 3897 971 3971 trilinea
988 3898 1095 3989 CYP,
1109 3901 1215 3975 AMN

173 4011 222 4083 ad
238 4009 393 4107 aequales
404 4009 596 4083 distantias
609 4009 831 4083 adiametris
849 4011 1056 4106 aeqnilibrii,
1076 4014 1216 4087 trilinea

174 4124 278 4213 CYP,
297 4124 411 4196 ΑΜΝ
435 4123 801 4220 aequiponderabunt.
855 4125 929 4197 Sed
952 4123 1133 4200 distantia
1149 4126 1213 4213 YP,

173 4238 265 4326 MN,
284 4237 362 4324 Pa,
381 4237 453 4312 ΟΝ
480 4250 566 4311 sunt
589 4237 759 4334 aeqnales,
778 4251 816 4311 et
833 4236 1024 4333 aequaliter
1042 4238 1213 4314 distanta

172 4350 361 4425 diametris
379 4351 574 4447 aeqnilihrii
593 4350 674 4440 NO,
687 4351 760 4423 Pk:
778 4352 868 4424 item
887 4365 1027 4448 puncta
1044 4353 1090 4443 Y,
1106 4355 1153 4445 Q,
1166 4352 1210 4441 M,

173 4464 221 4557 D,
244 4464 434 4565 aequaliter
462 4464 603 4540 distant
619 4490 643 4540 a
658 4477 787 4540 centro
809 4466 1004 4562 gravitatis
1032 4468 1160 4560 totins,
1175 4464 1208 4538 Z.
