2656 5136
245 641 319 707 230
546 656 788 711 nutemus
808 654 1002 709 oeneus.

56 841 139 883 mor>
152 841 209 884 vn
59 831 466 946 &propagata
496 846 663 920 eousque.
716 822 874 896 Ductis
864 822 980 919 igitur
995 818 1066 894 EN
1083 829 1124 892 et
1139 817 1278 946 mper-

59 914 543 1031 *fflpendieularibna
560 935 608 1009 ad
624 936 697 1026 EF,
709 937 782 1008 erit
793 958 861 1031 per
871 932 1105 1033 postulatum
1118 932 1280 1028 superius,

245 1049 370 1121 radius
387 1060 612 1145 propagatus
635 1050 674 1122 in
691 1048 814 1121 medio
837 1072 923 1121 raro
949 1045 1157 1121 secundnm
1178 1044 1282 1142 purul-

244 1162 333 1234 lelas
351 1163 419 1234 EN
438 1176 475 1236 et
493 1163 567 1237 1²0.
620 1161 729 1236 Cadit
746 1173 871 1235 autem
887 1161 998 1250 EN,
988 1175 1044 1234 rta
1061 1171 1105 1232 nt
1121 1159 1282 1255 angulum

244 1274 358 1347 faciat
381 1277 558 1370 majorem
576 1298 662 1349 eum
687 1274 953 1373 perpendiculo
978 1274 1048 1348 ΕΚ
1067 1297 1181 1371 quam
1206 1271 1283 1344 facit

244 1387 341 1459 linea
363 1388 505 1462 directa
520 1390 597 1464 EG.
647 1389 697 1463 lu
719 1390 793 1479 FO,
812 1390 993 1478 similiter,
1009 1387 1105 1462 fucit
1121 1389 1283 1482 majorem

244 1503 421 1597 angulum
451 1527 536 1576 oum
566 1502 637 1576 sibi
667 1503 898 1578 contermino
923 1500 1285 1600 perpendiculari,si

244 1615 453 1703 duceretur,
471 1634 580 1713 quam
598 1615 690 1689 facit
707 1639 753 1689 ea
773 1639 857 1714 quae
874 1627 931 1689 est
946 1617 987 1689 in
1008 1613 1197 1688 directum
1212 1636 1284 1686 oum

243 1727 336 1801 BD:
363 1729 435 1801 hoo
460 1741 516 1802 est
542 1727 760 1825 refringitur
788 1728 912 1802 radius
941 1727 1077 1802 EFNO
1105 1728 1146 1800 in
1175 1738 1284 1823 partu

243 1865 390 1914 aversas
414 1866 437 1915 a
452 1841 728 1938 perpendiculo.
779 1843 862 1915 Jam
881 1842 912 1914 si
929 1865 997 1938 pro
1015 1842 1098 1931 AB,
1116 1841 1215 1914 linea
1238 1839 1285 1912 ln·

243 1954 308 2042 cis,
336 1967 504 2027 sumatur
537 1953 753 2050 magnitudo
784 1955 886 2027 omni
923 1952 1183 2048 magnitudine
1211 1975 1284 2048 pro

242 2067 363 2160 posita
397 2067 530 2153 minor,
564 2065 664 2164 quod
697 2066 975 2140 demonstratur
1005 2066 1053 2139 de
1089 2065 1191 2140 linea
1221 2065 1284 2137 luta

242 2178 443 2252 ABEFNO
463 2178 777 2254 demonstrabitur
794 2181 840 2253 de
858 2180 973 2253 ducta
997 2178 1118 2252 AEN.
1171 2179 1283 2254 Quare

243 2291 368 2364 radius
398 2292 615 2388 refringitur
645 2293 691 2366 ab
725 2293 756 2365 E
785 2293 824 2366 in
855 2292 905 2382 N,
923 2293 963 2365 in
991 2304 1122 2388 partes
1156 2290 1282 2365 seilicet

242 2429 390 2477 aversas
408 2429 430 2477 a
446 2406 723 2501 perpendiculo.
774 2407 823 2480 Et
836 2418 1035 2503 propterea
1048 2406 1176 2479 radius
1188 2430 1208 2479 e
1221 2427 1280 2476 ure

244 2518 305 2591 dio
323 2518 439 2592 denso
455 2533 526 2591 ete.
580 2518 692 2592 Quod
711 2532 791 2592 erat
803 2518 1051 2615 probandum.

583 2807 833 2858 PROPOSITIO
853 2806 947 2857 vl11.

246 2935 291 3008 Si
308 2936 442 3009 radiat
461 2936 605 3009 ineidat
624 2937 661 3009 in
681 2935 838 3033 planum
860 2935 973 3008 medii
997 2934 1177 3023 rarioris,
1202 2930 1277 3004 talis

291 3059 438 3122 nature
458 3060 500 3121 ut
519 3048 686 3146 facilins
703 3059 950 3148 propagetur
968 3049 1006 3120 in
1027 3048 1111 3146 ipso
1131 3071 1232 3144 quam
1246 3044 1275 3114 iu

291 3163 401 3235 (leaeo
420 3163 633 3251 undeeenit,
646 3188 691 3234 en
702 3161 950 3259 proportione
962 3185 1071 3257 quam
1088 3158 1197 3231 habet
1207 3157 1275 3231 dia·

290 3287 404 3348 meter
417 3276 600 3373 quadrati
618 3274 672 3347 od
686 3274 789 3347 latua
800 3275 976 3369 ejusdem,
987 3274 1115 3370 aitque
1128 3269 1274 3369 angulus

290 3388 545 3461 inclinationis
571 3387 815 3459 remireetua:
840 3411 913 3459 non
930 3387 1007 3481 fiet
1037 3385 1221 3482 refractio
1245 3381 1273 3453 ir

289 3503 409 3575 medio
426 3525 530 3588 raro,
548 3501 620 3574 red
634 3500 735 3573 linea
752 3499 924 3598 refracta
942 3500 1017 3572 erit
1035 3499 1075 3572 in
1092 3495 1274 3598 superficie

283 3615 406 3714 plana
424 3614 611 3687 amborum
629 3613 828 3686 mediorum
846 3613 1037 3685 communi.

290 3766 347 3839 Sit
363 3767 461 3838 linea
478 3765 569 3837 lucis
587 3765 653 3838 AB
672 3765 710 3838 in
735 3763 855 3836 medio
880 3763 1056 3850 densiori,
1074 3788 1099 3836 a
1115 3788 1188 3859 qua
1202 3784 1273 3859 pro

237 3893 394 3975 pagetur
405 3878 541 3963 radiae,
553 3882 658 3976 cujus
672 3878 789 3951 latera
802 3878 955 3967 AE,BD
968 3874 1273 3974 perpendiculariu

237 3995 311 4067 sint
326 3993 374 4065 ad
388 3992 473 4065 AB:
501 3993 641 4066 incidat
659 4004 783 4065 autem
801 3990 898 4063 latus
916 3991 981 4063 ΑΕ
996 3991 1035 4063 in
1053 3990 1204 4086 planum
1219 3985 1272 4060 ΕΙ)

236 4107 289 4179 ita
306 4119 348 4179 ut
370 4105 481 4178 faeiat
499 4105 674 4200 angulum
698 4129 782 4177 curn
812 4114 916 4176 recta
944 4104 1012 4176 ED
1040 4105 1273 4178 semireetuu.

236 4245 368 4316 nempe
386 4219 492 4292 AEL.
522 4220 649 4316 Sitque
667 4218 829 4291 medinm
847 4217 944 4290 infra
960 4216 1027 4290 ED
1046 4218 1166 4290 rarius
1179 4235 1274 4314 quan

237 4335 337 4430 quod
355 4357 477 4429 snpra,
494 4333 548 4405 ita
565 4346 607 4405 ut
624 4346 851 4428 propagetur
869 4331 931 4403 lux
951 4331 1119 4404 velocior
1146 4332 1184 4404 in
1207 4330 1273 4423 ipso

237 4474 346 4543 qnam
375 4449 413 4520 in
432 4446 553 4519 medio
572 4446 698 4534 denso,
717 4469 761 4519 ea
785 4445 1027 4543 proportione
1045 4469 1161 4542 quam
1177 4444 1273 4517 habet

236 4562 414 4635 diameter
432 4560 602 4656 quadrati
620 4560 667 4633 ad
685 4562 782 4633 latus
803 4558 980 4657 ejusdem.
1034 4558 1131 4633 Dico
1154 4559 1273 4633 lineam
