2656 5136
459 674 793 728 necnnsrnsrren.
1083 660 1156 738 367

105 840 172 924 Qui
186 839 212 906 J
213 862 302 906 esum
315 848 415 927 neget
428 861 496 906 esse
510 838 629 917 Deum,
646 837 877 924 Genitumque,
893 848 927 906 et
940 839 1077 906 eundem

147 939 232 1007 Cum
247 939 363 1016 Patre3
387 947 421 1004 et
434 938 613 1025 ingenitum
629 937 686 1023 qui
701 948 799 1024 negat
813 961 881 1004 esse
896 938 1025 1005 Patrem
1038 964 1047 1005 ι

105 1039 235 1124 Quique
250 1039 346 1104 alium
368 1049 480 1104 natum
494 1061 562 1104 esse
577 1037 648 1103 Deo
663 1037 762 1103 Patre
776 1048 893 1123 praeter
906 1039 933 1105 J
933 1062 1023 1106 esum

146 1139 298 1205 Dixerit:
322 1148 379 1203 aut
393 1138 497 1223 ipsum
511 1147 654 1224 tempore
669 1148 780 1203 natum
796 1138 921 1223 aliquot

104 1238 236 1322 Quique
250 1238 355 1323 ipsum
370 1237 465 1314 dicet,
481 1237 582 1302 solido
597 1236 666 1302 sine
680 1259 821 1322 corpore,
836 1247 1008 1324 spectrum,

147 1337 210 1403 Vel
225 1336 411 1403 rationalem
427 1359 490 1401 non
505 1335 653 1401 habuisse
667 1335 823 1401 animam:

103 1437 176 1502 Aut
190 1437 246 1503 illo
261 1446 359 1522 negat
374 1457 441 1501 esse
455 1434 550 1501 modo
566 1433 733 1512 Genitum,
750 1435 837 1519 quali
851 1446 1025 1521 generatur

145 1536 274 1601 Lumen
289 1537 330 1599 ab
345 1556 476 1600 accenso
490 1533 622 1611 lumine,
638 1542 672 1599 et
686 1534 779 1599 ambo
794 1533 905 1599 simul:
1087 1539 1152 1602 660

104 1634 235 1719 Quique
251 1634 369 1710 Deum,
385 1655 513 1699 carnem
528 1656 593 1717 quo
607 1632 744 1718 sumpsit
757 1643 901 1720 tempore
914 1645 1066 1715 nostram,

145 1733 358 1800 Descendisse
372 1742 470 1818 negat
485 1731 631 1817 Virginis
645 1731 680 1796 in
694 1731 870 1818 gremium:

104 1833 236 1918 Quique
250 1842 348 1919 neget
363 1831 520 1899 Genitum
536 1830 686 1898 Genitori
700 1835 847 1911 ὁμοοΰσων
861 1855 929 1899 esse

147 1931 315 2018 Ingenit03
339 1941 396 1997 aut
410 1940 522 1995 natum
537 1930 676 2017 Virgine
690 1941 791 1997 matre
806 1942 922 2019 negat:

103 2029 149 2095 Et
164 2031 221 2114 qui
236 2054 293 2116 pro
304 2031 396 2097 nobis
410 2053 537 2116 passum
552 2041 726 2116 nostraque
740 2031 843 2097 salute

146 2130 227 2196 Esse
242 2141 356 2217 negat3
380 2130 432 2196 vel
446 2130 503 2215 qui
518 2139 652 2196 mortem
667 2130 782 2196 obiisse
795 2140 913 2217 negat:

103 2228 149 2294 Et
164 2230 221 2313 qui
236 2239 459 2315 postmortem
472 2252 538 2295 non
553 2229 728 2295 surrexisse
737 2230 880 2306 fatetur;

147 2329 213 2395 Vel
228 2340 327 2415 negat
341 2330 381 2394 ad
396 2330 545 2395 dextram
559 2351 648 2395 nunc
662 2329 800 2395 residere
816 2328 935 2406 Patris3

103 2429 178 2494 Aut
193 2439 291 2516 negot
304 2428 379 2495 inde
393 2428 511 2495 iterum
525 2438 709 2506 venturum,
723 2437 763 2494 ut
768 2428 894 2513 judicet
907 2451 1017 2496 omnes

147 2528 368 2612 Viventesque
383 2527 536 2605 homines,
553 2526 675 2612 quique
690 2527 796 2593 obiere
811 2523 908 2593 diem,
1087 2529 1151 2597 670

104 2627 174 2692 Hos
189 2627 269 2692 feeit
282 2628 452 2692 Homericos
468 2624 619 2713 synodus
633 2624 668 2690 N
669 2625 768 2692 ioena
816 2626 881 2694 Sed
896 2627 982 2693 Acta

146 2725 281 2791 Nicenae
297 2726 410 2811 synodi
424 2748 489 2791 non
503 2725 633 2791 valuere
647 2724 712 2790 diu.

104 2824 192 2889 Nam
210 2824 411 2890 Constantini
426 2846 588 2890 successor
602 2826 731 2904 ὁμοΰσων
744 2823 834 2903 illud,

147 2922 241 2986 Areii
256 2922 372 2999 fautor,
388 2922 492 2987 noluit
505 2944 574 2988 esse
583 2932 698 2988 rutum.

107 3018 161 3085 Sic
176 3043 234 3085 nec
248 3019 385 3085 habebat
399 3020 503 3086 adhue
517 3030 715 3086 eonstuntem
729 3020 875 3087 Ecclesia
887 3045 1008 3110 pacem,

147 3118 220 3184 Nec
235 3129 354 3183 certam
370 3117 484 3184 Patres
499 3140 596 3203 quam
610 3120 739 3185 voluere
753 3120 858 3186 fidem.

103 3219 170 3284 Sec.
193 3218 229 3282 N
230 3241 271 3284 οη
286 3227 372 3283 reete
387 3217 501 3283 Patres
515 3218 668 3305 mysteria
682 3218 787 3285 dicere
800 3220 907 3287 verbis

147 3319 340 3395 Tenturunt,
357 3317 470 3383 animis
484 3341 549 3383 non
564 3319 717 3404 capienda
730 3319 806 3385 suis.

104 3417 256 3503 Namque
271 3415 433 3481 hominem
447 3438 515 3482 esse
530 3415 648 3495 Deum,
664 3417 758 3484 factis
773 3440 961 3506 cognoscere
971 3420 1063 3487 solis:

147 3517 296 3583 Testibus
311 3524 345 3580 et
359 3515 433 3581 solis
448 3537 577 3582 cernere
589 3516 684 3595 faeta,
699 3517 784 3583 lieet.
1088 3522 1151 3586 680

104 3616 206 3682 Facta
220 3616 407 3681 ferebantur
421 3613 544 3682 Christi
558 3616 711 3683 miracula
723 3617 835 3696 multa,

146 3717 181 3778 A
197 3715 263 3780 solo
277 3713 348 3779 fieri
361 3736 433 3796 quae
447 3724 580 3800 potuere
595 3715 675 3782 Deo.

106 3814 167 3878 Illa
180 3814 295 3889 quibus
309 3813 422 3879 mediis
435 3814 520 3879 fiunt
534 3815 760 3900 eomprendere
773 3828 881 3884 mente

148 3913 265 3990 Nemo,
280 3923 397 3999 praeter
412 3937 485 3980 eum
501 3915 558 3999 qui
572 3914 651 3982 facit
664 3915 729 3992 ills,
744 3926 858 4002 potest

105 4009 210 4076 Omne
224 4034 326 4096 genus
340 4013 442 4077 morbi
458 4013 547 4079 verbi
561 4014 682 4080 virtute
692 4014 829 4101 fugavit,

147 4109 244 4173 Illum
255 4112 345 4195 jussa
354 4110 434 4176 levis
448 4113 579 4179 sustulit
589 4114 675 4179 unda
687 4137 827 4201 gravem.

106 4209 198 4274 Illius
209 4209 250 4273 ad
264 4231 375 4274 vocem
389 4223 564 4295 posuerunt
577 4213 677 4279 flabra
690 4213 830 4299 protervi

148 4307 261 4383 Venti,
278 4309 463 4393 compressis
477 4320 510 4375 et
525 4311 640 4377 siluere
654 4312 776 4377 animis.

104 4406 277 4472 Defunctis
292 4406 401 4484 vitm,
416 4408 549 4492 privatis
562 4411 684 4477 lumine
699 4412 805 4477 visum

147 4506 316 4584 Restituit,
332 4506 453 4573 claudis
466 4531 544 4576 voce
558 4510 758 4597 gradumque
772 4508 869 4576 dedit
1087 4513 1151 4577 690
