<?xml version="1.0" encoding="UTF-8"?>
<!DOCTYPE html PUBLIC "-//W3C//DTD XHTML 1.0 Transitional//EN"
    "http://www.w3.org/TR/xhtml1/DTD/xhtml1-transitional.dtd">
<html xmlns="http://www.w3.org/1999/xhtml" xml:lang="en" lang="en">
 <head>
  <title>
</title>
<meta http-equiv="Content-Type" content="text/html;charset=utf-8" />
  <meta name='ocr-system' content='tesseract 3.04.00' />
  <meta name='ocr-capabilities' content='ocr_page ocr_carea ocr_par ocr_line ocrx_word'/>
</head>
<body>
  <div class='ocr_page' id='page_1' title='image "./thomhobbesmalme00hobbgoog_0045.png"; bbox 0 0 2656 5136; ppageno 0'>
   <div class='ocr_carea' id='block_1_1' title="bbox 155 654 949 731">
    <p class='ocr_par' dir='ltr' id='par_1_1' title="bbox 155 654 949 731">
     <span class='ocr_line' id='line_1_1' title="bbox 155 654 949 731; baseline 0.006 -12"><span class='ocrx_word' id='word_1_1' title='bbox 155 654 202 720; x_wconf 84' lang='lat'>34</span> <span class='ocrx_word' id='word_1_2' title='bbox 406 668 605 725; x_wconf 77' lang='lat' dir='ltr'>ROSBTUM</span> <span class='ocrx_word' id='word_1_3' title='bbox 624 671 949 731; x_wconf 74' lang='lat' dir='ltr'>nnounrmcmr.</span> 
     </span>
    </p>
   </div>
   <div class='ocr_carea' id='block_1_2' title="bbox 153 1287 1195 1725">
    <p class='ocr_par' dir='ltr' id='par_1_2' title="bbox 153 1287 1195 1725">
     <span class='ocr_line' id='line_1_2' title="bbox 208 1287 1194 1389; baseline 0.005 -29"><span class='ocrx_word' id='word_1_4' title='bbox 208 1287 346 1363; x_wconf 83' lang='lat' dir='ltr'>Coroll.</span> <span class='ocrx_word' id='word_1_5' title='bbox 374 1290 549 1386; x_wconf 83' lang='lat' dir='ltr'><strong>Sequitur</strong></span> <span class='ocrx_word' id='word_1_6' title='bbox 575 1290 675 1381; x_wconf 87' lang='lat' dir='ltr'>hino,</span> <span class='ocrx_word' id='word_1_7' title='bbox 702 1291 891 1366; x_wconf 87' lang='lat' dir='ltr'>semissem</span> <span class='ocrx_word' id='word_1_8' title='bbox 919 1290 1126 1389; x_wconf 80' lang='lat' dir='ltr'>diagonalis</span> <span class='ocrx_word' id='word_1_9' title='bbox 1148 1290 1194 1365; x_wconf 78' lang='lat' dir='ltr'>Al</span> 
     </span>
     <span class='ocr_line' id='line_1_3' title="bbox 155 1403 1195 1500; baseline 0.003 -26"><span class='ocrx_word' id='word_1_10' title='bbox 155 1425 235 1475; x_wconf 90' lang='lat' dir='ltr'>esse</span> <span class='ocrx_word' id='word_1_11' title='bbox 253 1404 371 1499; x_wconf 90' lang='lat' dir='ltr'>majus</span> <span class='ocrx_word' id='word_1_12' title='bbox 388 1415 620 1500; x_wconf 85' lang='lat' dir='ltr'>segmentum</span> <span class='ocrx_word' id='word_1_13' title='bbox 637 1403 800 1479; x_wconf 87' lang='lat' dir='ltr'>dimidiae</span> <span class='ocrx_word' id='word_1_14' title='bbox 818 1406 978 1480; x_wconf 83' lang='lat' dir='ltr'>secantis</span> <span class='ocrx_word' id='word_1_15' title='bbox 995 1405 1073 1495; x_wconf 86' lang='grc' dir='ltr'>ΑΡ,</span> <span class='ocrx_word' id='word_1_16' title='bbox 1090 1404 1195 1479; x_wconf 86' lang='lat' dir='ltr'>idest</span> 
     </span>
     <span class='ocr_line' id='line_1_4' title="bbox 153 1516 1195 1615; baseline 0.003 -27"><span class='ocrx_word' id='word_1_17' title='bbox 153 1517 339 1612; x_wconf 85' lang='lat' dir='ltr'>tangentis</span> <span class='ocrx_word' id='word_1_18' title='bbox 356 1525 404 1591; x_wconf 83' lang='lat'>30</span> <span class='ocrx_word' id='word_1_19' title='bbox 421 1516 615 1613; x_wconf 71' lang='lat' dir='ltr'>gradmm,</span> <span class='ocrx_word' id='word_1_20' title='bbox 633 1516 673 1591; x_wconf 93' lang='lat' dir='ltr'>id</span> <span class='ocrx_word' id='word_1_21' title='bbox 698 1530 756 1591; x_wconf 87' lang='lat' dir='ltr'>est</span> <span class='ocrx_word' id='word_1_22' title='bbox 777 1518 904 1594; x_wconf 90' lang='lat' dir='ltr'>lateris</span> <span class='ocrx_word' id='word_1_23' title='bbox 921 1519 1008 1595; x_wconf 85' lang='lat' dir='ltr'>cubi</span> <span class='ocrx_word' id='word_1_24' title='bbox 1034 1517 1195 1615; x_wconf 85' lang='lat' dir='ltr'>inscripti</span> 
     </span>
     <span class='ocr_line' id='line_1_5' title="bbox 154 1628 833 1725; baseline 0.004 -23"><span class='ocrx_word' id='word_1_25' title='bbox 154 1629 193 1702; x_wconf 93' lang='lat' dir='ltr'>iu</span> <span class='ocrx_word' id='word_1_26' title='bbox 212 1629 349 1703; x_wconf 85' lang='lat' dir='ltr'>circulo</span> <span class='ocrx_word' id='word_1_27' title='bbox 367 1631 472 1725; x_wconf 87' lang='lat' dir='ltr'>cujus</span> <span class='ocrx_word' id='word_1_28' title='bbox 489 1628 668 1703; x_wconf 86' lang='lat' dir='ltr'>diameter</span> <span class='ocrx_word' id='word_1_29' title='bbox 679 1641 736 1703; x_wconf 89' lang='lat' dir='ltr'>est</span> <span class='ocrx_word' id='word_1_30' title='bbox 753 1630 833 1705; x_wconf 80' lang='lat' dir='ltr'>AB.</span> 
     </span>
    </p>
   </div>
   <div class='ocr_carea' id='block_1_3' title="bbox 578 1916 776 1927">
    <p class='ocr_par' dir='ltr' id='par_1_3' title="bbox 578 1916 776 1927">
     <span class='ocr_line' id='line_1_6' title="bbox 578 1916 776 1927; baseline 0.01 -2"><span class='ocrx_word' id='word_1_31' title='bbox 578 1916 776 1927; x_wconf 78' lang='lat'>--—</span> 
     </span>
    </p>
   </div>
   <div class='ocr_carea' id='block_1_4' title="bbox 554 2113 801 2188">
    <p class='ocr_par' dir='ltr' id='par_1_4' title="bbox 554 2113 801 2188">
     <span class='ocr_line' id='line_1_7' title="bbox 554 2113 801 2188; baseline -0.004 -1"><span class='ocrx_word' id='word_1_32' title='bbox 554 2113 692 2188; x_wconf 87' lang='lat' dir='ltr'><strong>PROP.</strong></span> <span class='ocrx_word' id='word_1_33' title='bbox 718 2115 801 2187; x_wconf 89' lang='lat' dir='ltr'>XV.</span> 
     </span>
    </p>
   </div>
   <div class='ocr_carea' id='block_1_5' title="bbox 156 2285 1197 2568">
    <p class='ocr_par' dir='ltr' id='par_1_5' title="bbox 156 2285 1197 2568">
     <span class='ocr_line' id='line_1_8' title="bbox 156 2285 1197 2343; baseline 0.003 -4"><span class='ocrx_word' id='word_1_34' title='bbox 156 2286 383 2340; x_wconf 84' lang='lat' dir='ltr'>DIGRESSIO</span> <span class='ocrx_word' id='word_1_35' title='bbox 403 2286 458 2340; x_wconf 83' lang='lat' dir='ltr'>DE</span> <span class='ocrx_word' id='word_1_36' title='bbox 482 2285 713 2339; x_wconf 82' lang='lat' dir='ltr'>DISCORDIA</span> <span class='ocrx_word' id='word_1_37' title='bbox 736 2286 870 2339; x_wconf 75' lang='lat' dir='ltr'>INTER</span> <span class='ocrx_word' id='word_1_38' title='bbox 894 2287 1119 2343; x_wconf 70' lang='lat' dir='ltr'>crucum</span> <span class='ocrx_word' id='word_1_39' title='bbox 1143 2290 1197 2342; x_wconf 79' lang='lat' dir='ltr'>tt-</span> 
     </span>
     <span class='ocr_line' id='line_1_9' title="bbox 206 2399 1196 2467; baseline 0.004 -15"><span class='ocrx_word' id='word_1_40' title='bbox 206 2400 401 2466; x_wconf 75' lang='lat' dir='ltr'>NRARUM,</span> <span class='ocrx_word' id='word_1_41' title='bbox 437 2399 797 2467; x_wconf 76' lang='lat' dir='ltr'>SUPERFICIERUM,</span> <span class='ocrx_word' id='word_1_42' title='bbox 833 2401 886 2452; x_wconf 85' lang='grc' dir='ltr'>ΕΤ</span> <span class='ocrx_word' id='word_1_43' title='bbox 922 2402 1196 2456; x_wconf 77' lang='lat' dir='ltr'>NUMERORUM</span> 
     </span>
     <span class='ocr_line' id='line_1_10' title="bbox 208 2511 1061 2568; baseline 0.005 -4"><span class='ocrx_word' id='word_1_44' title='bbox 208 2513 254 2564; x_wconf 90' lang='lat' dir='ltr'>IN</span> <span class='ocrx_word' id='word_1_45' title='bbox 274 2511 736 2565; x_wconf 80' lang='lat' dir='ltr'><strong>DEMONSTRATIONIBUS</strong></span> <span class='ocrx_word' id='word_1_46' title='bbox 758 2513 1061 2568; x_wconf 77' lang='lat' dir='ltr'>nnomnrnlcls.</span> 
     </span>
    </p>
   </div>
   <div class='ocr_carea' id='block_1_6' title="bbox 151 2638 1204 4666">
    <p class='ocr_par' dir='ltr' id='par_1_6' title="bbox 154 2638 1200 2965">
     <span class='ocr_line' id='line_1_11' title="bbox 156 2638 1200 2742; baseline 0.003 -27"><span class='ocrx_word' id='word_1_47' title='bbox 156 2643 241 2716; x_wconf 82' lang='lat' dir='ltr'>Pnn</span> <span class='ocrx_word' id='word_1_48' title='bbox 260 2640 374 2714; x_wconf 88' lang='lat' dir='ltr'>Elem.</span> <span class='ocrx_word' id='word_1_49' title='bbox 392 2665 426 2713; x_wconf 89' lang='lat' dir='ltr'>v.</span> <span class='ocrx_word' id='word_1_50' title='bbox 445 2638 518 2714; x_wconf 86' lang='lat' dir='ltr'>def.</span> <span class='ocrx_word' id='word_1_51' title='bbox 537 2649 573 2731; x_wconf 79' lang='lat'>5,</span> <span class='ocrx_word' id='word_1_52' title='bbox 586 2640 768 2715; x_wconf 89' lang='lat' dir='ltr'>rationem</span> <span class='ocrx_word' id='word_1_53' title='bbox 785 2641 921 2715; x_wconf 85' lang='lat' dir='ltr'>habere</span> <span class='ocrx_word' id='word_1_54' title='bbox 939 2643 1039 2717; x_wconf 91' lang='lat' dir='ltr'>iuter</span> <span class='ocrx_word' id='word_1_55' title='bbox 1052 2667 1092 2719; x_wconf 91' lang='lat' dir='ltr'>se</span> <span class='ocrx_word' id='word_1_56' title='bbox 1105 2668 1200 2742; x_wconf 86' lang='lat' dir='ltr'>mag·</span> 
     </span>
     <span class='ocr_line' id='line_1_12' title="bbox 154 2753 1199 2853; baseline 0.004 -24"><span class='ocrx_word' id='word_1_57' title='bbox 154 2754 341 2829; x_wconf 90' lang='lat' dir='ltr'>nitudines</span> <span class='ocrx_word' id='word_1_58' title='bbox 359 2753 645 2851; x_wconf 60' lang='lat' dir='ltr'>dicuntum-quoe</span> <span class='ocrx_word' id='word_1_59' title='bbox 670 2764 826 2853; x_wconf 88' lang='lat' dir='ltr'>possunt</span> <span class='ocrx_word' id='word_1_60' title='bbox 841 2754 1099 2852; x_wconf 76' lang='lat' dir='ltr'>multiplicatae</span> <span class='ocrx_word' id='word_1_61' title='bbox 1126 2781 1199 2832; x_wconf 88' lang='lat' dir='ltr'>sese</span> 
     </span>
     <span class='ocr_line' id='line_1_13' title="bbox 155 2880 488 2965; baseline -0.012 -23"><span class='ocrx_word' id='word_1_62' title='bbox 155 2880 285 2942; x_wconf 89' lang='lat' dir='ltr'>mutuo</span> <span class='ocrx_word' id='word_1_63' title='bbox 304 2891 488 2965; x_wconf 89' lang='lat' dir='ltr'>superare.</span> 
     </span>
    </p>

    <p class='ocr_par' dir='ltr' id='par_1_7' title="bbox 154 2979 1201 3420">
     <span class='ocr_line' id='line_1_14' title="bbox 205 2979 1201 3081; baseline 0.003 -27"><span class='ocrx_word' id='word_1_64' title='bbox 205 2983 261 3054; x_wconf 83' lang='lat' dir='ltr'>Ex</span> <span class='ocrx_word' id='word_1_65' title='bbox 280 3003 353 3077; x_wconf 89' lang='lat' dir='ltr'>qua</span> <span class='ocrx_word' id='word_1_66' title='bbox 370 2979 583 3053; x_wconf 90' lang='lat' dir='ltr'>definitione</span> <span class='ocrx_word' id='word_1_67' title='bbox 601 2980 838 3053; x_wconf 85' lang='lat' dir='ltr'>manifestum</span> <span class='ocrx_word' id='word_1_68' title='bbox 856 2992 913 3054; x_wconf 89' lang='lat' dir='ltr'>est</span> <span class='ocrx_word' id='word_1_69' title='bbox 927 2980 1058 3071; x_wconf 88' lang='lat' dir='ltr'>lineas,</span> <span class='ocrx_word' id='word_1_70' title='bbox 1077 3006 1201 3081; x_wconf 87' lang='lat' dir='ltr'>super-</span> 
     </span>
     <span class='ocr_line' id='line_1_15' title="bbox 155 3091 1201 3188; baseline 0.004 -21"><span class='ocrx_word' id='word_1_71' title='bbox 155 3095 269 3183; x_wconf 69' lang='lat' dir='ltr'>ficies</span> <span class='ocrx_word' id='word_1_72' title='bbox 287 3106 325 3167; x_wconf 89' lang='lat' dir='ltr'>et</span> <span class='ocrx_word' id='word_1_73' title='bbox 342 3091 459 3167; x_wconf 90' lang='lat' dir='ltr'>solida</span> <span class='ocrx_word' id='word_1_74' title='bbox 482 3091 622 3165; x_wconf 86' lang='lat' dir='ltr'>nullam</span> <span class='ocrx_word' id='word_1_75' title='bbox 639 3091 775 3165; x_wconf 88' lang='lat' dir='ltr'>habere</span> <span class='ocrx_word' id='word_1_76' title='bbox 792 3116 899 3188; x_wconf 90' lang='lat' dir='ltr'>posse</span> <span class='ocrx_word' id='word_1_77' title='bbox 918 3093 1017 3167; x_wconf 88' lang='lat' dir='ltr'>inter</span> <span class='ocrx_word' id='word_1_78' title='bbox 1035 3119 1075 3169; x_wconf 89' lang='lat' dir='ltr'>se</span> <span class='ocrx_word' id='word_1_79' title='bbox 1094 3098 1201 3171; x_wconf 87' lang='lat' dir='ltr'>ratio·</span> 
     </span>
     <span class='ocr_line' id='line_1_16' title="bbox 154 3205 1201 3308; baseline 0.005 -28"><span class='ocrx_word' id='word_1_80' title='bbox 154 3231 252 3282; x_wconf 90' lang='lat' dir='ltr'>nem.</span> <span class='ocrx_word' id='word_1_81' title='bbox 304 3209 401 3281; x_wconf 90' lang='lat' dir='ltr'>Nam</span> <span class='ocrx_word' id='word_1_82' title='bbox 419 3205 662 3301; x_wconf 87' lang='lat' dir='ltr'>multiplicata</span> <span class='ocrx_word' id='word_1_83' title='bbox 678 3230 865 3302; x_wconf 83' lang='lat' dir='ltr'>nunquam</span> <span class='ocrx_word' id='word_1_84' title='bbox 884 3230 923 3280; x_wconf 89' lang='lat' dir='ltr'>se</span> <span class='ocrx_word' id='word_1_85' title='bbox 941 3220 1074 3283; x_wconf 91' lang='lat' dir='ltr'>mutuo</span> <span class='ocrx_word' id='word_1_86' title='bbox 1098 3234 1201 3308; x_wconf 87' lang='lat' dir='ltr'>supe-</span> 
     </span>
     <span class='ocr_line' id='line_1_17' title="bbox 155 3333 753 3420; baseline -0.007 -24"><span class='ocrx_word' id='word_1_87' title='bbox 155 3347 237 3396; x_wconf 84' lang='lat' dir='ltr'>rare</span> <span class='ocrx_word' id='word_1_88' title='bbox 254 3333 419 3420; x_wconf 90' lang='lat' dir='ltr'>possunt.</span> <span class='ocrx_word' id='word_1_89' title='bbox 750 3348 753 3356; x_wconf 95' lang='lat'>·</span> 
     </span>
    </p>

    <p class='ocr_par' dir='ltr' id='par_1_8' title="bbox 153 3432 1204 4195">
     <span class='ocr_line' id='line_1_18' title="bbox 206 3432 1203 3531; baseline 0 -20"><span class='ocrx_word' id='word_1_90' title='bbox 206 3438 246 3511; x_wconf 91' lang='lat' dir='ltr'>Si</span> <span class='ocrx_word' id='word_1_91' title='bbox 262 3450 387 3512; x_wconf 86' lang='lat' dir='ltr'>tamen</span> <span class='ocrx_word' id='word_1_92' title='bbox 404 3457 473 3531; x_wconf 88' lang='lat' dir='ltr'>pro</span> <span class='ocrx_word' id='word_1_93' title='bbox 498 3432 596 3505; x_wconf 87' lang='lat' dir='ltr'>linea</span> <span class='ocrx_word' id='word_1_94' title='bbox 619 3443 817 3528; x_wconf 84' lang='lat' dir='ltr'>usurpetur</span> <span class='ocrx_word' id='word_1_95' title='bbox 844 3435 1030 3506; x_wconf 92' lang='lat' dir='ltr'>minutum</span> <span class='ocrx_word' id='word_1_96' title='bbox 1060 3450 1203 3512; x_wconf 86' lang='lat' dir='ltr'>rectan-</span> 
     </span>
     <span class='ocr_line' id='line_1_19' title="bbox 154 3545 1201 3647; baseline -0.002 -23"><span class='ocrx_word' id='word_1_97' title='bbox 154 3551 295 3647; x_wconf 85' lang='lat' dir='ltr'>gulum,</span> <span class='ocrx_word' id='word_1_98' title='bbox 330 3548 467 3647; x_wconf 88' lang='lat' dir='ltr'>poterit</span> <span class='ocrx_word' id='word_1_99' title='bbox 502 3545 649 3641; x_wconf 90' lang='lat' dir='ltr'>quidem</span> <span class='ocrx_word' id='word_1_100' title='bbox 684 3545 882 3642; x_wconf 89' lang='lat' dir='ltr'>aliquando</span> <span class='ocrx_word' id='word_1_101' title='bbox 917 3546 1077 3621; x_wconf 88' lang='lat' dir='ltr'>inveniri</span> <span class='ocrx_word' id='word_1_102' title='bbox 1110 3551 1201 3624; x_wconf 88' lang='lat' dir='ltr'>ratio</span> 
     </span>
     <span class='ocr_line' id='line_1_20' title="bbox 155 3658 1204 3759; baseline 0.001 -22"><span class='ocrx_word' id='word_1_103' title='bbox 155 3666 253 3737; x_wconf 88' lang='lat' dir='ltr'>inter</span> <span class='ocrx_word' id='word_1_104' title='bbox 270 3661 501 3759; x_wconf 85' lang='lat' dir='ltr'>superficiem</span> <span class='ocrx_word' id='word_1_105' title='bbox 519 3670 557 3732; x_wconf 92' lang='lat' dir='ltr'>et</span> <span class='ocrx_word' id='word_1_106' title='bbox 573 3658 830 3754; x_wconf 82' lang='lat' dir='ltr'>rectangulum</span> <span class='ocrx_word' id='word_1_107' title='bbox 847 3658 939 3732; x_wconf 92' lang='lat' dir='ltr'>illud</span> <span class='ocrx_word' id='word_1_108' title='bbox 951 3660 1022 3733; x_wconf 89' lang='lat' dir='ltr'>etsi</span> <span class='ocrx_word' id='word_1_109' title='bbox 1037 3663 1204 3738; x_wconf 89' lang='lat' dir='ltr'>minutis·</span> 
     </span>
     <span class='ocr_line' id='line_1_21' title="bbox 155 3771 1204 3872; baseline -0.002 -21"><span class='ocrx_word' id='word_1_110' title='bbox 155 3779 312 3851; x_wconf 89' lang='lat' dir='ltr'>simum:</span> <span class='ocrx_word' id='word_1_111' title='bbox 339 3798 484 3872; x_wconf 89' lang='lat' dir='ltr'>nempe,</span> <span class='ocrx_word' id='word_1_112' title='bbox 502 3772 650 3869; x_wconf 89' lang='lat' dir='ltr'>quando</span> <span class='ocrx_word' id='word_1_113' title='bbox 678 3773 752 3846; x_wconf 95' lang='lat' dir='ltr'>duo</span> <span class='ocrx_word' id='word_1_114' title='bbox 783 3771 962 3869; x_wconf 86' lang='lat' dir='ltr'>quadrata</span> <span class='ocrx_word' id='word_1_115' title='bbox 990 3786 1079 3848; x_wconf 90' lang='lat' dir='ltr'>sunt</span> <span class='ocrx_word' id='word_1_116' title='bbox 1109 3777 1204 3851; x_wconf 83' lang='lat' dir='ltr'>inter</span> 
     </span>
     <span class='ocr_line' id='line_1_22' title="bbox 155 3885 1203 3988; baseline -0.003 -21"><span class='ocrx_word' id='word_1_117' title='bbox 155 3916 195 3966; x_wconf 90' lang='lat' dir='ltr'>se</span> <span class='ocrx_word' id='word_1_118' title='bbox 212 3904 256 3966; x_wconf 94' lang='lat' dir='ltr'>ut</span> <span class='ocrx_word' id='word_1_119' title='bbox 272 3888 474 3988; x_wconf 88' lang='lat' dir='ltr'>quadratus</span> <span class='ocrx_word' id='word_1_120' title='bbox 491 3910 665 3959; x_wconf 91' lang='lat' dir='ltr'>numerus</span> <span class='ocrx_word' id='word_1_121' title='bbox 683 3886 731 3959; x_wconf 89' lang='lat' dir='ltr'>ad</span> <span class='ocrx_word' id='word_1_122' title='bbox 749 3885 971 3982; x_wconf 88' lang='lat' dir='ltr'>quadratum</span> <span class='ocrx_word' id='word_1_123' title='bbox 994 3911 1203 3963; x_wconf 89' lang='lat' dir='ltr'>numerum.</span> 
     </span>
     <span class='ocr_line' id='line_1_23' title="bbox 155 3999 1204 4100; baseline -0.002 -20"><span class='ocrx_word' id='word_1_124' title='bbox 155 4007 254 4081; x_wconf 77' lang='lat' dir='ltr'>Quia</span> <span class='ocrx_word' id='word_1_125' title='bbox 270 4001 476 4100; x_wconf 85' lang='lat' dir='ltr'>comparari</span> <span class='ocrx_word' id='word_1_126' title='bbox 493 4010 660 4096; x_wconf 52' lang='lat' dir='ltr'>possunt,</span> <span class='ocrx_word' id='word_1_127' title='bbox 677 4011 717 4072; x_wconf 90' lang='lat' dir='ltr'>et</span> <span class='ocrx_word' id='word_1_128' title='bbox 732 3999 828 4073; x_wconf 82' lang='lat' dir='ltr'>ulter</span> <span class='ocrx_word' id='word_1_129' title='bbox 844 3999 997 4074; x_wconf 89' lang='lat' dir='ltr'>alterius</span> <span class='ocrx_word' id='word_1_130' title='bbox 1009 4024 1092 4076; x_wconf 89' lang='lat' dir='ltr'>esse</span> <span class='ocrx_word' id='word_1_131' title='bbox 1105 4027 1204 4078; x_wconf 88' lang='lat' dir='ltr'>men·</span> 
     </span>
     <span class='ocr_line' id='line_1_24' title="bbox 153 4143 252 4195; baseline -0.03 0"><span class='ocrx_word' id='word_1_132' title='bbox 153 4143 252 4195; x_wconf 89' lang='lat' dir='ltr'>sura.</span> 
     </span>
    </p>

    <p class='ocr_par' dir='ltr' id='par_1_9' title="bbox 151 4226 1204 4555">
     <span class='ocr_line' id='line_1_25' title="bbox 204 4226 1204 4329; baseline -0.003 -22"><span class='ocrx_word' id='word_1_133' title='bbox 204 4231 278 4307; x_wconf 87' lang='lat' dir='ltr'>Sed</span> <span class='ocrx_word' id='word_1_134' title='bbox 295 4228 476 4329; x_wconf 87' lang='lat' dir='ltr'>quadrata</span> <span class='ocrx_word' id='word_1_135' title='bbox 492 4251 575 4324; x_wconf 84' lang='lat' dir='ltr'>quae</span> <span class='ocrx_word' id='word_1_136' title='bbox 591 4238 679 4301; x_wconf 87' lang='lat' dir='ltr'>sunt</span> <span class='ocrx_word' id='word_1_137' title='bbox 705 4227 804 4300; x_wconf 88' lang='lat' dir='ltr'>inter</span> <span class='ocrx_word' id='word_1_138' title='bbox 830 4249 869 4300; x_wconf 90' lang='lat' dir='ltr'>se</span> <span class='ocrx_word' id='word_1_139' title='bbox 886 4238 929 4299; x_wconf 90' lang='lat' dir='ltr'>ut</span> <span class='ocrx_word' id='word_1_140' title='bbox 945 4226 1120 4324; x_wconf 87' lang='lat' dir='ltr'>quadrati</span> <span class='ocrx_word' id='word_1_141' title='bbox 1137 4253 1204 4305; x_wconf 92' lang='lat' dir='ltr'>nu-</span> 
     </span>
     <span class='ocr_line' id='line_1_26' title="bbox 152 4341 1204 4437; baseline -0.004 -14"><span class='ocrx_word' id='word_1_142' title='bbox 152 4347 257 4433; x_wconf 87' lang='lat' dir='ltr'>meri,</span> <span class='ocrx_word' id='word_1_143' title='bbox 275 4343 391 4418; x_wconf 90' lang='lat' dir='ltr'>multo</span> <span class='ocrx_word' id='word_1_144' title='bbox 416 4341 592 4437; x_wconf 86' lang='lat' dir='ltr'>pauciora</span> <span class='ocrx_word' id='word_1_145' title='bbox 615 4352 702 4414; x_wconf 90' lang='lat' dir='ltr'>sunt</span> <span class='ocrx_word' id='word_1_146' title='bbox 720 4364 830 4436; x_wconf 84' lang='lat' dir='ltr'>quam</span> <span class='ocrx_word' id='word_1_147' title='bbox 847 4365 931 4437; x_wconf 84' lang='lat' dir='ltr'>quae</span> <span class='ocrx_word' id='word_1_148' title='bbox 954 4364 1032 4414; x_wconf 95' lang='lat' dir='ltr'>non</span> <span class='ocrx_word' id='word_1_149' title='bbox 1049 4354 1140 4416; x_wconf 90' lang='lat' dir='ltr'>sunt</span> <span class='ocrx_word' id='word_1_150' title='bbox 1163 4356 1204 4419; x_wconf 91' lang='lat' dir='ltr'>ut</span> 
     </span>
     <span class='ocr_line' id='line_1_27' title="bbox 151 4453 1203 4555; baseline -0.003 -20"><span class='ocrx_word' id='word_1_151' title='bbox 151 4461 297 4535; x_wconf 89' lang='lat' dir='ltr'>numeri</span> <span class='ocrx_word' id='word_1_152' title='bbox 314 4454 509 4555; x_wconf 86' lang='lat' dir='ltr'>quadrati:</span> <span class='ocrx_word' id='word_1_153' title='bbox 537 4453 606 4527; x_wconf 82' lang='lat' dir='ltr'>etsi</span> <span class='ocrx_word' id='word_1_154' title='bbox 622 4466 779 4550; x_wconf 84' lang='lat' dir='ltr'>utraque</span> <span class='ocrx_word' id='word_1_155' title='bbox 797 4466 884 4528; x_wconf 92' lang='lat' dir='ltr'>sunt</span> <span class='ocrx_word' id='word_1_156' title='bbox 907 4455 1203 4532; x_wconf 86' lang='lat' dir='ltr'>innumerabilia.</span> 
     </span>
    </p>

    <p class='ocr_par' dir='ltr' id='par_1_10' title="bbox 201 4566 1204 4666">
     <span class='ocr_line' id='line_1_28' title="bbox 201 4566 1204 4666; baseline -0.003 -17"><span class='ocrx_word' id='word_1_157' title='bbox 201 4572 381 4648; x_wconf 83' lang='lat' dir='ltr'>Doctrina</span> <span class='ocrx_word' id='word_1_158' title='bbox 394 4593 482 4666; x_wconf 88' lang='lat' dir='ltr'>ergo</span> <span class='ocrx_word' id='word_1_159' title='bbox 497 4566 543 4641; x_wconf 91' lang='lat' dir='ltr'>de</span> <span class='ocrx_word' id='word_1_160' title='bbox 557 4568 764 4663; x_wconf 84' lang='lat' dir='ltr'>quantitate</span> <span class='ocrx_word' id='word_1_161' title='bbox 781 4568 960 4642; x_wconf 89' lang='lat' dir='ltr'>linearum</span> <span class='ocrx_word' id='word_1_162' title='bbox 975 4578 1032 4644; x_wconf 86' lang='lat' dir='ltr'>est</span> <span class='ocrx_word' id='word_1_163' title='bbox 1050 4570 1204 4646; x_wconf 86' lang='lat' dir='ltr'>scientia</span> 
     </span>
    </p>
   </div>
   <div class='ocr_carea' id='block_1_7' title="bbox 0 0 1332 5136">
    <p class='ocr_par' dir='ltr' id='par_1_11' title="bbox 0 0 1332 5136">
     <span class='ocr_line' id='line_1_29' title="bbox 0 0 1332 5136; baseline 0 1"><span class='ocrx_word' id='word_1_164' title='bbox 0 0 1332 5136; x_wconf 95' lang='lat' dir='ltr'> </span> 
     </span>
    </p>
   </div>
  </div>
 </body>
</html>
