2656 5136
306 628 522 682 -nosnrnu
542 621 865 681 enouarsrcuu'.
1067 610 1108 680 4‘1

64 797 333 895 digressionem
364 795 416 870 ad
446 796 600 870 circulos
626 796 825 892 proximos,
853 795 918 892 qui
947 790 1116 867 dividunt
1142 822 1227 865 reor.
1241 815 1319 864 xva.

61 910 299 1006 superficiem
332 911 489 1006 sphaerae
512 909 957 1005 quinquifariam„motus
982 909 1026 980 fit
1050 930 1117 1003 per
1129 890 1319 995 ΗΜ,

67 1025 224 1121 quinque
255 1023 382 1096 latera
416 1021 607 1095 icosaedri.
660 1022 704 1093 In
738 1021 957 1094 semicirculi
990 1015 1307 1105 autem⁸q¹¹⁸¹⁰⁶’²⁰}⁶‘

67 1136 371 1210 circumferentia
396 1137 441 1208 fit
470 1148 593 1208 motus
610 1158 632 1206 a
649 1135 734 1229 polo
752 1134 800 1206 ad
816 1134 941 1230 polum
958 1158 1025 1231 per
1042 1146 1117 1207 tres

68 1274 171 1324 arcus
199 1249 365 1346 aequales
388 1248 550 1344 singulas
566 1248 668 1320 arcui
687 1248 755 1321 CK
772 1248 832 1320 vel
850 1248 930 1322 ΒΚ.
981 1247 1117 1321 Ablato

68 1364 180 1460 igitur
196 1376 304 1436 motu
324 1361 390 1459 qui
406 1363 451 1434 fit
475 1361 640 1458 perduc
669 1361 788 1434 latera
815 1360 995 1434 icosaedri
1024 1361 1117 1433 nihil

69 1476 339 1573 promoventia,
358 1474 428 1547 viae
452 1497 518 1570 per
542 1473 616 1547 tria
641 1472 758 1546 latera
780 1473 971 1563 icosaedri,
998 1485 1035 1547 et
1051 1496 1118 1570 per

71 1603 144 1663 tres
161 1613 272 1663 arcus
289 1586 524 1676 semicirculi,
548 1587 708 1682 aequales
735 1588 897 1683 singulas
920 1589 1021 1661 arcui
1038 1588 1116 1680 CK,

71 1704 126 1776 vel
160 1703 295 1777 saltem
329 1724 399 1798 per
432 1700 579 1773 illorum
609 1700 779 1786 chordas,
813 1699 970 1797 aequales
997 1713 1117 1774 erunt

74 1816 145 1889 Sed
155 1816 209 1888 Ba
220 1838 288 1912 per
298 1834 509 1886 mensuram
529 1813 736 1886 invenietur
753 1816 870 1908 major
887 1813 1026 1886 chorda
1038 1814 1117 1888 ΒΚ.

76 1930 196 2012 Quare
213 1941 290 2001 tres
308 1948 430 2010 arcus,
445 1925 577 2021 singuli
592 1925 751 2021 aequales
766 1926 845 2015 ΒΚ,
858 1940 944 1999 sunt
961 1925 1119 2022 aequales

75 2043 189 2115 tribus
206 2041 387 2113 lateribus
405 2038 596 2128 icosaedri,
615 2052 653 2112 et
669 2065 763 2114 unus
781 2040 858 2114 uni.
911 2040 1021 2114 Quod
1039 2054 1119 2114 erat

77 2152 416 2228 demonstrandum.

123 2269 209 2341 Hoc
238 2289 358 2363 genus
395 2264 715 2338 demonstrationis
749 2264 989 2354 damnabunt,
1017 2278 1120 2339 certe

77 2383 160 2471 scio,
178 2381 411 2477 algebristae:
429 2390 466 2451 et
482 2377 638 2451 fortasse
658 2377 732 2467 alii,
747 2380 809 2473 qui
827 2403 901 2452 non
919 2379 1120 2453 admittunt

78 2497 113 2568 in
138 2494 384 2591 geometriam
411 2504 629 2588 argumenta
646 2515 668 2564 a
685 2506 790 2565 motu
816 2505 973 2588 sumpta,
1000 2517 1120 2589 neque

78 2631 295 2681 emensum.
352 2603 426 2678 Sed
456 2603 503 2676 ad
531 2603 640 2692 hanc,
665 2616 703 2677 et
729 2605 862 2678 multas
879 2607 970 2678 alias
984 2630 1120 2703 propo-

80 2722 223 2795 sitiones
239 2717 499 2815 geometricas,
514 2717 696 2814 principia
712 2717 784 2790 alia
799 2719 901 2791 nulla
918 2721 1120 2815 excogitari

80 2844 240 2930 possunt,
258 2856 281 2905 a
298 2831 435 2928 quibus
452 2830 640 2903 conclusio
668 2844 770 2904 certa
790 2831 947 2906 derivari
964 2833 1036 2905 rite
1053 2859 1119 2930 po-

82 2958 159 3021 test.
211 2945 369 3020 Numeri
388 2944 485 3016 enim
503 2944 551 3016 ad
568 2945 663 3017 hanc
681 2969 770 3033 rem,
795 2958 838 3018 ut
854 2970 951 3042 saepe
968 2946 1120 3020 demon-

83 3061 198 3149 stravi,
215 3059 335 3156 inepti
354 3070 467 3130 sunt:
494 3081 563 3130 nec
580 3083 603 3130 a
619 3058 879 3154 superficiebus
895 3059 944 3131 ad
961 3059 1121 3155 longitu-

86 3171 191 3263 dines,
208 3197 278 3246 nec
297 3181 442 3260 contra,
460 3171 609 3268 procedi
631 3185 731 3245 recte
747 3182 897 3268 potest:
924 3182 1121 3268 propterea

88 3287 174 3381 qnod
185 3285 400 3384 superficies
412 3297 449 3357 et
466 3284 714 3381 longitudines
728 3297 814 3358 suut
827 3284 971 3358 diversa
983 3309 1121 3382 genera

90 3403 336 3494 quantitatum.

503 3613 699 3640 ε

453 3806 589 3880 PROP.
608 3806 748 3879 XVIII.

137 3977 183 4028 DE
202 3978 433 4039 QUADRATO
452 3976 572 4028 AREAE
594 3977 865 4037 QUADRANTIS
884 3979 1066 4038 AEQUALI.

100 4075 264 4157 Crscuno
285 4083 375 4155 dato
393 4082 532 4176 aequale
550 4082 714 4154 invenire
733 4082 964 4178 quadratum.

138 4195 186 4267 Sit
203 4197 312 4267 datus
331 4195 501 4283 circulus,
521 4196 625 4289 cujus
639 4195 821 4290 (quadrans
837 4197 883 4268 sit
902 4198 1016 4284 DAC,
1036 4223 1122 4292 qua·

100 4301 187 4381 druto
216 4309 351 4381 ABCD
383 4309 599 4403 inscriptus:
627 4320 664 4380 et
698 4323 826 4381 octaris
856 4310 984 4382 circuli
1015 4311 1121 4381 DLC.

102 4415 231 4495 Sscetur
248 4422 470 4519 quadratum
486 4423 617 4494 ABCD
637 4436 715 4494 tum
733 4449 756 4495 a
774 4423 1027 4518 diagonalibus
1045 4421 1122 4508 AC,

103 4526 163 4622 BD,
179 4549 255 4610 tum
274 4561 297 4609 a
316 4536 426 4609 rectis
444 4537 514 4624 EF,
534 4536 617 4626 GH,
633 4536 934 4610 concurrentibus
953 4535 1123 4607 omnibus
