2692 4792
142 464 187 507 tea
195 454 212 506 l.
223 459 268 504 1⁴5
274 450 418 503 2-rstionis
425 448 599 526 multiplicatio
606 457 632 499 et
640 448 698 499 sub-

142 517 322 596 multiplicatio.
333 516 462 566 ibim-ei
476 514 597 564 divisioi.
612 520 700 565 146:-

142 585 170 635 in
177 595 273 634 raucus
280 590 392 633 extrema
399 588 424 630 el
431 579 513 629 modia
521 579 599 629 dividi
607 578 699 629 dieitur

144 648 247 714 aliquid,
259 647 364 713 quandia
381 646 398 695 i
412 651 457 695 143
463 644 606 696 z-rationis
621 642 699 693 asith-

145 714 242 764 msticm
249 722 274 762 et
284 710 440 776 geometricae
451 726 505 759 eom
566 708 632 758 tioi
643 714 700 757 ilio·

145 777 332 830 liz-rationum
349 774 493 853 proportior
517 773 569 822 ium
588 782 615 823 et
633 788 699 823 com·

146 841 348 893 mensurabilium
360 839 479 889 delinitio.
489 839 506 887 i.
518 844 573 888 203.

146 907 271 973 quomodo
282 922 353 954 arcus
363 904 436 954 datus
450 903 545 953 ratione
556 902 613 953 data
623 901 702 953 dividi

181 981 237 1031 test,
247 971 410 1020 manifestum.
422 968 438 1018 i.
450 974 506 1018 250.

166 1037 262 1087 oculus
279 1035 402 1085 rationum
420 1040 498 1083 tetam
515 1031 703 1098 comprehendit

150 1101 283 1153 Mathesiu.
300 1099 333 1149 iv.
347 1097 508 1149 l:-rationis
525 1097 703 1161 magnitudinis

150 1165 284 1232 cujuslibet
295 1164 327 1214 ad
342 1163 415 1212 aliam
427 1161 544 1227 ἀκρίβεια
554 1177 653 1212 sensum
663 1162 704 1211 lu·

149 1232 194 1297 git,
206 1237 287 1296 potest
298 1238 379 1279 tamem
391 1226 561 1277 demonstrari
572 1227 604 1276 iv.
616 1233 640 1277 6.

150 1295 214 1346 ratio
225 1294 261 1344 rei
273 1294 304 1343 sd
315 1309 376 1351 reni,
387 1302 412 1342 et
427 1308 510 1341 rerum
521 1291 552 1341 ad
563 1308 610 1341 res
621 1291 653 1341 iv.
665 1296 704 1340 21.

151 1369 285 1426 geometrae
297 1358 380 1409 Grmci
389 1358 420 1407 sd
428 1356 551 1406 rationum
563 1355 705 1406 similitudi·

151 1441 208 1474 nem
218 1422 397 1489 explicandam,
409 1438 468 1471 voce
483 1421 616 1470 utebantur
627 1424 707 1479 οὕτως

152 1490 212 1554 ἔχει,
223 1488 307 1539 Latini
319 1491 351 1535 itu
362 1505 384 1535 aa
394 1489 465 1535 habel.
476 1486 509 1535 iv.
521 1491 560 1536 70.

153 1553 257 1605 rationis
263 1551 382 1602 definitio.
392 1551 424 1601 iv.
433 1557 464 1602 lo
472 1550 574 1600 :-riitio
581 1549 607 1598 iu
615 1564 706 1614 genere

153 1619 279 1686 quantitas
290 1633 339 1666 uon
351 1626 395 1675 ast,
406 1615 451 1665 sed
462 1614 555 1665 relatio.
562 1615 595 1665 iv.
603 1620 661 1665 71-2
668 1635 708 1665 :-

173 1683 321 1734 cantitatum
332 1690 370 1731 eat
380 1679 537 1745 comparatio.
548 1679 580 1728 ir.
593 1684 707 1730 lli-ra·

154 1758 191 1800 tio
202 1747 312 1797 delectus
323 1755 360 1796 est
371 1744 482 1795 delectus
492 1744 602 1794 rationis.
620 1744 653 1794 iv.
665 1749 707 1796 ta:

155 1812 253 1863 -ideiii
265 1811 297 1861 ad
307 1809 536 1860 mathematicorum
551 1825 624 1859 aures
640 1825 708 1860 aece-

155 1878 199 1929 det
208 1877 339 1926 insuetum.
352 1875 411 1924 ibid

155 1942 279 1993 rationum
306 1938 495 2005 magnitudines,
528 1945 579 1988 tam
611 1943 711 2004 defectu

156 2023 231 2073 quam
241 2023 349 2065 amasus,
360 2004 555 2054 determinantur
563 2019 608 2070 per
614 2003 710 2070 magui-

157 2071 270 2122 tudinem
281 2069 433 2119 differentiae.
445 2068 477 2118 iv.
489 2074 527 2119 lu.

157 2136 224 2187 uude
234 2134 312 2184 dividi
326 2134 390 2184 solet
403 2133 467 2183 ratio
482 2133 509 2182 iii
523 2136 675 2196 pmmriccss
685 2141 712 2182 et

157 2203 326 2251 ανίιιιιιιίιαηι
337 2199 369 2249 ir.
377 2197 609 2250 lii-arithmetica
620 2213 668 2247 uon
680 2197 711 2247 ab

158 2264 273 2315 omuibus
283 2262 367 2313 liabita
373 2271 412 2312 est
418 2279 464 2327 pro
471 2262 553 2327 specie
561 2262 671 2313 rationis.
678 2262 711 2312 ib.

158 2330 281 2380 rationum
301 2327 446 2385 similitudo,
468 2336 506 2376 est
526 2327 659 2392 proportio.
679 2327 711 2376 iv.

160 2400 218 2447 146
225 2391 327 2444 :—ratio
339 2401 364 2442 et
379 2391 515 2456 proportio,
531 2391 653 2456 quomodo
664 2391 712 2440 dii·

159 2459 251 2509 ferunt.
269 2456 595 2508 iv.7i:-1nterraii0nem
615 2459 713 2515 similem

160 2526 273 2600 equulco,
285 2530 311 2572 et
320 2524 419 2580 eundem,
431 2521 571 2572 differentia
581 2521 649 2570 nulla
660 2538 713 2571 om·

160 2605 227 2638 nino.
239 2587 299 2636 ibid.

161 2662 244 2703 utrum
255 2652 321 2701 idem
338 2650 372 2700 sit
382 2666 493 2715 quaeroro
509 2651 629 2700 rationem
642 2667 715 2716 quam

161 2718 236 2768 habet
247 2716 371 2782 quantitas
383 2715 500 2780 temporis
511 2716 542 2765 ud
554 2716 715 2781 quantitatem

161 2783 242 2842 linem,
269 2790 295 2831 et
314 2797 424 2845 quaerero
452 2789 571 2845 quantum
599 2781 716 2855 temporis

162 2845 400 2912 mquaturlineae.iv.
409 2851 453 2894 118
461 2845 564 2895 :-ratio
572 2844 717 2910 quantitatis

163 2912 281 2977 temporis
290 2911 321 2960 sid
332 2910 494 2975 quantitatem
504 2910 575 2959 linem
584 2909 661 2974 quaeri
673 2925 717 2974 po·

163 2987 220 3036 test,
231 2976 278 3026 etsi
290 2992 339 3024 non
350 2975 381 3024 ad
398 2974 479 3039 ipsum
490 2984 540 3024 tem
558 2991 594 3023 us.
613 2974 646 3024 iv.
660 2980 716 3025 119:

163 3057 277 3106 —iieque
288 3040 355 3089 illius
367 3039 513 3104 quantitatis
569 3055 659 3104 corpus
674 3055 717 3089 ua·

165 3106 251 3157 turule.
262 3104 322 3154 ibid.

164 3169 311 3236 compositio
321 3168 444 3218 rationum
456 3168 574 3227 Euclidis,
591 3177 630 3219 ost
645 3168 718 3234 ipsis·

164 3235 228 3285 aima
238 3234 312 3283 mins
329 3233 360 3283 ad
377 3233 480 3282 alteram
497 3233 596 3282 additio.
615 3233 647 3283 iv.
661 3240 717 3283 132;

164 3298 318 3348 -ratiouem
330 3299 448 3363 majorem
458 3314 474 3347 a
487 3298 582 3346 minore
593 3314 665 3362 posse
676 3298 718 3347 do·

165 3364 239 3423 trahi,
251 3371 328 3413 totam
339 3363 460 3412 rationem
467 3362 576 3428 ejusdem
586 3373 655 3428 purte
665 3378 719 3412 esse

165 3428 294 3487 minorem,
306 3443 383 3492 quare
393 3443 442 3476 non
454 3427 595 3477 absurdum.
611 3427 645 3476 iv.
660 3434 719 3478 1³5:

166 3492 302 3543 -i-ationia
321 3491 467 3567 compositio
484 3492 599 3549 obtinuit,
619 3502 720 3557 propter

166 3558 216 3607 vim
227 3557 295 3606 intus
304 3557 402 3605 latentis
413 3557 530 3614 veritatis,
542 3560 627 3606 additio
638 3557 720 3623 potius

162 3638 240 3689 quam
251 3624 404 3684 multiplicatio
415 3621 504 3670 vocari.
515 3621 575 3671 ibid.

157 3688 298 3738 effectuum
309 3685 372 3735 ratio
379 3685 535 3750 componitur
541 3702 572 3734 ex
584 3685 720 3736 rationibus

160 3767 296 3803 eaussrum
307 3749 468 3815 singularium
480 3751 553 3800 unius
563 3751 595 3800 ad
611 3751 721 3815 singulus

158 3832 253 3868 -oausas
263 3815 365 3865 alterius
376 3815 486 3881 ejusdem
530 3815 603 3865 neris.
615 3815 646 3865 iv.
661 3821 702 3865 161
714 3836 720 3865 ι

167 3883 301 3931 -effeeiua
313 3880 393 3929 omnis
410 3890 469 3928 natu
508 3879 529 3928 ’s
545 3881 665 3930 rationem
677 3880 721 3929 ha-

167 3947 210 3996 bet
220 3946 251 3995 ud
260 3946 376 3995 ellectum
392 3961 489 3993 omnem
506 3944 644 3994 naturalem
654 3960 720 3994 oom-

166 4011 272 4077 positam
284 4027 315 4058 ex
327 4009 464 4058 rationibus
475 4026 559 4058 earum
570 4026 654 4058 rerum
666 4026 721 4074 quse

166 4091 253 4126 causae
273 4090 358 4124 sonim
378 4082 530 4139 componunt
549 4074 666 4139 integras.
688 4074 720 4123 iv.

167 4203 271 4255 rationis
289 4203 358 4252 filum
369 4202 492 4268 quoddam
503 4203 530 4253 iu
541 4203 670 4255 dubitandi
687 4211 721 4254 te·

167 4269 251 4319 nebris
262 4267 392 4333 iucipiens,
404 4267 464 4332 quid
471 4268 508 4318 ad
518 4267 594 4318 dubia
604 4268 722 4319 soluenda

162 4333 274 4403 prodest
290 4330 317 4383 ii.
331 4338 445 4385 lolli-et
461 4332 523 4399 quid
539 4332 600 4385 lacit
614 4332 723 4400 scriptor

749 447 818 498 iilum
828 447 892 499 illud
902 447 943 498 vel
959 447 1063 500 inscitia
1079 448 1205 509 descisci,
1215 450 1252 499 rel
1259 465 1292 499 ei·

749 513 895 580 piditatibus
906 514 1069 580 abrumpens.
1081 514 1142 566 ibid

750 588 837 629 contra
846 579 968 629 rationem
984 589 1082 629 rectam
1096 596 1149 629 sicu
1165 587 1212 639 est,
1221 579 1242 629 si
1251 579 1295 644 quis

750 659 849 692 omnem
859 659 959 721 operam
968 644 1020 703 det,
1030 654 1061 695 ut
1072 661 1089 694 a
1097 654 1178 695 morte
1188 654 1214 695 et
1220 645 1297 694 dolcii-

750 709 931 774 buaproprium
938 725 1031 775 corpus
1036 718 1064 760 et
1071 710 1186 760 membra
1191 709 1297 760 summ

750 772 777 822 ii.
791 779 844 824 163.

752 841 849 887 rationes
865 846 892 889 et
910 837 1138 899 ratiocinationem,
1155 838 1218 906 quid
1228 848 1299 889 rocam

752 902 843 953 Latini.
855 903 891 954 iii.
903 909 935 953 26
941 920 1029 953 z-vox
1047 908 1111 953 mio
1128 921 1181 971 qua
1195 921 1265 955 causa
1276 905 1300 954 al

752 967 911 1034 computandi
926 967 1073 1018 facultatem
1085 979 1200 1020 extensa
1210 970 1301 1021 ibid:-

753 1032 843 1082 rationi
854 1032 924 1082 loeus
933 1042 980 1092 est,
998 1033 1146 1100 ubicunque
1162 1034 1232 1084 locus
1244 1035 1301 1084 addi·

753 1097 817 1176 tioui
828 1096 1053 1213 {ld‘ubmlffll
1073 1098 1111 1150 iii.
1127 1104 1161 1149 32
1167 1099 1303 1150 μάὠιιῐᾱο

755 1179 815 1228 eJua
827 1178 836 1210 i
853 1177 862 1210 i

755 1226 900 1292 peritissimi
911 1235 937 1276 et
947 1227 1121 1287 attentissimi,
1132 1244 1186 1294 qua
1194 1244 1265 1280 causa
1272 1244 1302 1278 ra

757 1292 865 1342 tionibus
875 1291 928 1341 salli
939 1304 1051 1356 possunt
1063 1293 1101 1343 iii.
1113 1300 1156 1344 33.

755 1357 859 1406 rationis
875 1372 935 1406 usus
951 1364 979 1406 et
994 1373 1096 1422 scopus,
1112 1358 1184 1423 quid.
1195 1358 1230 1409 iii.
1239 1364 1268 1408 33
1275 1378 1305 1408 ι-

756 1421 822 1470 uude
830 1421 920 1486 incipit
929 1428 956 1470 et
966 1423 1095 1486 quomodo
1104 1424 1226 1488 procedit
1238 1423 1290 1472 ibid.

775 1485 801 1535 ui
817 1501 901 1535 rerum
922 1502 1131 1552 quarumcunque
1149 1489 1257 1538 rationes
1272 1504 1306 1536 au·

758 1560 769 1601 t
787 1566 857 1600 orum
869 1550 974 1600 aliorum
986 1550 1035 1600 lide
1048 1552 1171 1613 admittit,
1189 1570 1237 1602 noo
1247 1553 1307 1602 aliter

758 1615 818 1665 lucit
834 1631 908 1680 quam
925 1616 1115 1680 paterfamilias,
1132 1619 1179 1683 qui
1190 1619 1263 1668 villici
1276 1618 1307 1665 sui

759 1680 866 1729 rationes
876 1678 1013 1745 inspiciens
1028 1697 1063 1730 au
1079 1681 1183 1732 illarum
1194 1682 1308 1732 summula

760 1754 827 1794 recto
837 1744 957 1794 coniectu
964 1745 1023 1804 sint,
1029 1762 1083 1797 uon
1091 1748 1229 1798 examinat
1235 1748 1268 1797 iii
1276 1753 1308 1796 lt.

760 1825 809 1858 non
821 1819 859 1859 est
869 1809 1000 1859 nobiscum
1010 1820 1079 1873 nata,
1087 1812 1133 1862 sed
1143 1812 1265 1863 industria
1277 1828 1309 1862 sc·

761 1874 858 1939 quisita.
869 1873 905 1924 111.
917 1879 957 1926 37.

761 1955 817 2004 quae
827 1956 898 2002 ιιρνιι
908 1939 1031 1989 rationem
1041 1942 1186 1992 naturalem
1198 1952 1253 1993 snut
1263 1958 1310 1991 vera

761 2020 815 2053 ease
825 2013 937 2069 possunt,
948 2014 1029 2053 conos
1045 2007 1172 2058 rationem
1189 2024 1240 2058 nou
1253 2009 1310 2058 item

761 2069 797 2118 iii.
809 2075 849 2118 34.

761 2140 911 2200 preceptum
921 2132 1033 2193 rationis,
1044 2136 1182 2187 continens
1192 2138 1269 2203 legem
1275 2152 1311 2186 iii·

761 2207 825 2248 turm
835 2198 942 2263 primam
953 2208 979 2249 et
986 2199 1053 2264 juris
1064 2202 1312 2252 naturalissumman.

762 2263 798 2312 iii.
808 2269 860 2312 103.
871 2262 898 2312 11.
909 2268 1128 2323 167,170:—usus
1139 2269 1205 2333 ejus.
1215 2268 1312 2317 111334.

763 2336 831 2377 recta
838 2327 909 2387 ratio,
918 2328 987 2392 quid.
995 2329 1032 2378 111.
1040 2335 1073 2379 33
1080 2347 1202 2396 :-quase
1207 2332 1313 2382 neumis

764 2392 862 2442 dicitur.
879 2391 905 2440 ii.
919 2398 964 2443 163
975 2393 1041 2443 ι-ἰιι
1062 2403 1131 2445 statu
1151 2397 1256 2447 naturali
1273 2413 1314 2472 quo

765 2473 838 2506 sensu
854 2456 1024 2534 intelligenda.
1041 2458 1068 2509 11.
1084 2466 1140 2520 163,
1153 2478 1178 2510 n.
1188 2463 1248 2512 2-in
1263 2463 1314 2511 oiri·

766 2530 816 2572 tate
826 2522 865 2571 lea
877 2521 957 2571 civilis
968 2539 1015 2588 pro
1023 2533 1094 2574 reeta
1105 2527 1205 2577 ratione
1215 2527 1316 2576 habenis

766 2596 811 2637 est.
822 2587 848 2636 ii.
859 2592 911 2644 llo,
922 2603 946 2636 u.
955 2596 1034 2637 t-est
1043 2588 1126 2639 instar
1133 2591 1211 2641 minae
1219 2609 1233 2641 a
1241 2592 1315 2643 Chris·

766 2660 793 2702 ιο
809 2651 951 2701 hominibus
965 2652 997 2701 ad
1014 2654 1198 2717 negotiandum
1210 2657 1276 2706 daiae.
1286 2657 1316 2704 iii

767 2723 814 2767 265
824 2732 899 2775 z-ea
914 2732 1010 2776 seusus,
1024 2726 1051 2767 et
1067 2721 1199 2779 memoria,
1210 2723 1235 2771 in
1245 2731 1317 2787 potes·

767 2789 818 2831 tate
835 2791 921 2830 nostra
938 2797 988 2830 non
1007 2784 1119 2833 siintiii.
1132 2792 1183 2837 266
1194 2796 1269 2836 ε-ιιι
1283 2786 1317 2834 lex

767 2845 868 2895 morulis
879 2854 905 2895 et
915 2845 1007 2895 divina
1020 2847 1045 2895 ii.
1059 2853 1116 2898 238.

767 2919 855 2960 οοιιιιιι
872 2910 992 2959 rationem
1004 2912 1107 2970 lactum,
1119 2930 1269 2981 quamquam
1279 2916 1318 2964 im·

768 2974 893 3050 provisum
902 2975 1002 3040 aliquod
1009 2986 1128 3027 eventum
1137 2979 1238 3030 felicem
1249 2981 1319 3039 iaciat,

768 3039 939 3104 imprudenter
949 3040 1115 3091 nibilominus
1123 3044 1161 3094 fia
1174 3046 1212 3096 111.
1225 3053 1275 3096 iia.

769 3113 848 3152 ocalru
858 3123 885 3152 cu
901 3123 949 3168 qaae
960 3109 1057 3154 tutionis
1067 3126 1135 3156 mni
1147 3113 1276 3174 impulisset,
1285 3111 1317 3159 les

769 3178 864 3219 naturis
872 3169 997 3233 iigesima.
1004 3170 1030 3219 ii.
1041 3177 1097 3230 133,
1104 3179 1155 3224 206
1162 3178 1243 3242 2-qui
1251 3177 1319 3225 sciens

769 3233 795 3282 id
807 3233 954 3298 feceritque
966 3234 1071 3284 lacultus
1085 3239 1220 3291 rationalis
1236 3241 1319 3290 destru-

769 3308 833 3357 atur,
844 3298 924 3347 aciena
936 3299 1016 3363 legem
1030 3308 1130 3352 naturai
1142 3303 1229 3356 violat.
1239 3306 1264 3355 ii.
1277 3310 1319 3354 ist

770 3363 834 3413 ratio
845 3379 901 3439 quse
905 3364 981 3440 jubet
993 3363 1077 3440 lipem,
1094 3368 1172 3431 jubet
1191 3371 1271 3420 media
1284 3385 1320 3418 ue·

769 3443 883 3478 cessaria.
894 3444 920 3476 ιι.
935 3434 987 3478 131.
999 3444 1034 3479 ιιι.
1049 3435 1105 3481 120.

771 3493 814 3557 qui
831 3492 899 3556 leges
917 3501 1021 3552 naturis,
1032 3496 1134 3545 coeteris
1151 3514 1205 3548 non
1221 3498 1320 3550 idemti-

769 3557 900 3616 cientibus,
915 3557 1065 3634 obserraret,
1083 3561 1212 3615 rationem
1234 3565 1320 3615 miuiuie

770 3630 949 3672 sociaremus.
964 3629 1018 3673 ist.

768 3686 881 3752 judicare
900 3687 961 3752 quid
977 3687 1084 3738 rationis
1099 3691 1142 3751 sit,
1178 3695 1223 3745 uid
1234 3692 1320 3751 nonsit,

771 3751 932 3827 iad-summam
940 3761 1094 3827 potestatem
1106 3767 1226 3821 pertinet
1238 3761 1320 3809 111136.

771 3815 809 3864 illi
814 3832 855 3865 cni
863 3824 990 3880 negotium
998 3818 1171 3886 quodcunque
1180 3825 1234 3874 sine
1245 3825 1321 3888 scripta

772 3880 859 3956 regula
865 3880 972 3946 imponit
976 3880 1119 3934 laciendum
1129 3887 1227 3945 civitas,
1234 3887 1321 3939 rationis

772 3945 894 3994 dictamen
906 3961 951 4010 pro
962 3948 1050 4011 regula
1061 3950 1119 4000 erit.
1130 3951 1168 4002 iii.
1184 3960 1240 4004 200.

772 4011 836 4086 ratio
847 4010 966 4059 naturalis
977 4027 1009 4060 ue
1018 4013 1122 4077 quidem
1131 4019 1277 4084 cujusquam
1293 4015 1321 4065 rei

773 4090 883 4124 mimmm
902 4085 1016 4125 naturam
1034 4093 1083 4129 noa
1102 4080 1196 4132 dooere
1211 4081 1320 4150 potesti'i

773 4139 940 4191 34331261.

773 4205 845 4269 cujus
862 4205 926 4254 ratio
945 4205 1022 4266 nulla,
1034 4208 1117 4258 oratio
1132 4210 1244 4263 divinas
1308 4217 1321 4267 1

773 4268 795 4345 {a
806 4284 945 4384 qqsqeaaario
952 4269 1076 4324 divinitus
1087 4273 1228 4344 inspiratus
1233 4227 1317 4329 tillidi

772 4348 799 4382 ii.
858 4370 865 4385 .
