<?xml version="1.0" encoding="UTF-8"?>
<!DOCTYPE html PUBLIC "-//W3C//DTD XHTML 1.0 Transitional//EN"
    "http://www.w3.org/TR/xhtml1/DTD/xhtml1-transitional.dtd">
<html xmlns="http://www.w3.org/1999/xhtml" xml:lang="en" lang="en">
 <head>
  <title>
</title>
<meta http-equiv="Content-Type" content="text/html;charset=utf-8" />
  <meta name='ocr-system' content='tesseract 3.04.00' />
  <meta name='ocr-capabilities' content='ocr_page ocr_carea ocr_par ocr_line ocrx_word'/>
</head>
<body>
  <div class='ocr_page' id='page_1' title='image "./thomhobbesmalme00hobbgoog_0117.png"; bbox 0 0 2656 5136; ppageno 0'>
   <div class='ocr_carea' id='block_1_1' title="bbox 173 673 904 740">
    <p class='ocr_par' dir='ltr' id='par_1_1' title="bbox 173 673 904 740">
     <span class='ocr_line' id='line_1_1' title="bbox 173 673 904 740; baseline -0.007 0"><span class='ocrx_word' id='word_1_1' title='bbox 173 673 241 740; x_wconf 86' lang='lat'><strong>106</strong></span> <span class='ocrx_word' id='word_1_2' title='bbox 477 685 564 739; x_wconf 80' lang='lat' dir='ltr'><strong>tux</strong></span> <span class='ocrx_word' id='word_1_3' title='bbox 581 680 904 738; x_wconf 73' lang='lat' dir='ltr'><strong>uurnuunrrcs.</strong></span> 
     </span>
    </p>
   </div>
   <div class='ocr_carea' id='block_1_2' title="bbox 10 843 1204 1773">
    <p class='ocr_par' dir='ltr' id='par_1_2' title="bbox 10 843 1204 1773">
     <span class='ocr_line' id='line_1_2' title="bbox 10 843 1203 947; baseline 0 -27"><span class='ocrx_word' id='word_1_4' title='bbox 10 878 155 922; x_wconf 77' lang='lat' dir='ltr'><strong>morm-</strong></span> <span class='ocrx_word' id='word_1_5' title='bbox 166 851 253 926; x_wconf 91' lang='lat' dir='ltr'><strong>inde</strong></span> <span class='ocrx_word' id='word_1_6' title='bbox 280 852 501 927; x_wconf 87' lang='lat' dir='ltr'><strong>sententium</strong></span> <span class='ocrx_word' id='word_1_7' title='bbox 526 851 623 927; x_wconf 83' lang='lat' dir='ltr'><strong>haue</strong></span> <span class='ocrx_word' id='word_1_8' title='bbox 648 851 823 947; x_wconf 79' lang='lat' dir='ltr'><strong>injustam</strong></span> <span class='ocrx_word' id='word_1_9' title='bbox 846 868 927 921; x_wconf 84' lang='lat' dir='ltr'><strong>esse</strong></span> <span class='ocrx_word' id='word_1_10' title='bbox 947 845 1030 943; x_wconf 85' lang='lat' dir='ltr'><strong>ipse</strong></span> <span class='ocrx_word' id='word_1_11' title='bbox 1045 843 1106 920; x_wconf 81' lang='lat' dir='ltr'><strong>vel</strong></span> <span class='ocrx_word' id='word_1_12' title='bbox 1120 844 1203 920; x_wconf 81' lang='lat' dir='ltr'><strong>alim</strong></span> 
     </span>
     <span class='ocr_line' id='line_1_3' title="bbox 17 958 1169 1058; baseline -0.004 -19"><span class='ocrx_word' id='word_1_13' title='bbox 17 960 66 1000; x_wconf 71' lang='lat'><strong>⁸¹¹¹</strong></span> <span class='ocrx_word' id='word_1_14' title='bbox 81 961 101 1001; x_wconf 90' lang='lat'><strong>¹·</strong></span> <span class='ocrx_word' id='word_1_15' title='bbox 167 967 323 1039; x_wconf 84' lang='lat' dir='ltr'>dixerit:</span> <span class='ocrx_word' id='word_1_16' title='bbox 351 965 600 1039; x_wconf 80' lang='lat' dir='ltr'><strong>examinemus</strong></span> <span class='ocrx_word' id='word_1_17' title='bbox 616 987 679 1038; x_wconf 84' lang='lat' dir='ltr'><strong>ees</strong></span> <span class='ocrx_word' id='word_1_18' title='bbox 695 963 734 1035; x_wconf 94' lang='lat' dir='ltr'><strong>in</strong></span> <span class='ocrx_word' id='word_1_19' title='bbox 752 960 915 1035; x_wconf 86' lang='lat' dir='ltr'><strong>numeris</strong></span> <span class='ocrx_word' id='word_1_20' title='bbox 932 958 1169 1058; x_wconf 77' lang='lat' dir='ltr'><strong>simplicibus</strong></span> 
     </span>
     <span class='ocr_line' id='line_1_4' title="bbox 217 1076 1204 1189; baseline 0 -36"><span class='ocrx_word' id='word_1_21' title='bbox 217 1092 276 1164; x_wconf 78' lang='lat' dir='ltr'><strong>Sit</strong></span> <span class='ocrx_word' id='word_1_22' title='bbox 292 1091 404 1164; x_wconf 80' lang='lat' dir='ltr'><strong>series</strong></span> <span class='ocrx_word' id='word_1_23' title='bbox 421 1114 510 1188; x_wconf 80' lang='lat' dir='ltr'><strong>ergo</strong></span> <span class='ocrx_word' id='word_1_24' title='bbox 526 1076 616 1189; x_wconf 46' lang='grc' dir='ltr'><strong>ἓξ.</strong></span> <span class='ocrx_word' id='word_1_25' title='bbox 666 1078 769 1154; x_wconf 75' lang='lat' dir='ltr'><strong>Ordo</strong></span> <span class='ocrx_word' id='word_1_26' title='bbox 781 1076 949 1174; x_wconf 75' lang='lat' dir='ltr'>superior</span> <span class='ocrx_word' id='word_1_27' title='bbox 959 1087 1019 1151; x_wconf 66' lang='lat' dir='ltr'><strong>esi</strong></span> <span class='ocrx_word' id='word_1_28' title='bbox 1034 1084 1050 1150; x_wconf 98' lang='lat' dir='ltr'><strong>l</strong></span> <span class='ocrx_word' id='word_1_29' title='bbox 1066 1104 1078 1151; x_wconf 67' lang='grc' dir='ltr'>ἕ</span> <span class='ocrx_word' id='word_1_30' title='bbox 1102 1077 1204 1153; x_wconf 61' lang='lat' dir='ltr'><strong>teriia</strong></span> 
     </span>
     <span class='ocr_line' id='line_1_5' title="bbox 165 1202 1203 1306; baseline -0.006 -24"><span class='ocrx_word' id='word_1_31' title='bbox 165 1233 251 1306; x_wconf 86' lang='lat' dir='ltr'><strong>pars</strong></span> <span class='ocrx_word' id='word_1_32' title='bbox 268 1209 453 1282; x_wconf 87' lang='lat' dir='ltr'><strong>inferioris</strong></span> <span class='ocrx_word' id='word_1_33' title='bbox 464 1213 497 1296; x_wconf 65' lang='lat' dir='ltr'><strong>i.</strong></span> <span class='ocrx_word' id='word_1_34' title='bbox 539 1209 720 1281; x_wconf 78' lang='lat' dir='ltr'>Excessus</span> <span class='ocrx_word' id='word_1_35' title='bbox 736 1204 844 1287; x_wconf 67' lang='lat' dir='ltr'><strong>esti:</strong></span> <span class='ocrx_word' id='word_1_36' title='bbox 870 1227 958 1289; x_wconf 90' lang='lat' dir='ltr'><strong>uon,</strong></span> <span class='ocrx_word' id='word_1_37' title='bbox 970 1202 1203 1277; x_wconf 82' lang='lat' dir='ltr'><strong>uthilisius</strong></span> 
     </span>
     <span class='ocr_line' id='line_1_6' title="bbox 167 1317 339 1413; baseline -0.006 -18"><span class='ocrx_word' id='word_1_38' title='bbox 167 1323 270 1411; x_wconf 90' lang='lat' dir='ltr'><strong>dicit,</strong></span> <span class='ocrx_word' id='word_1_39' title='bbox 293 1317 339 1413; x_wconf 57' lang='grc' dir='ltr'><strong>ὲ.</strong></span> 
     </span>
     <span class='ocr_line' id='line_1_7' title="bbox 218 1423 1203 1546; baseline 0.005 -34"><span class='ocrx_word' id='word_1_40' title='bbox 218 1439 359 1513; x_wconf 87' lang='lat' dir='ltr'>Deinde</span> <span class='ocrx_word' id='word_1_41' title='bbox 378 1438 540 1514; x_wconf 86' lang='lat' dir='ltr'><strong>secunde</strong></span> <span class='ocrx_word' id='word_1_42' title='bbox 555 1438 667 1513; x_wconf 88' lang='lat' dir='ltr'><strong>series</strong></span> <span class='ocrx_word' id='word_1_43' title='bbox 679 1452 737 1514; x_wconf 87' lang='lat' dir='ltr'><strong>est</strong></span> <span class='ocrx_word' id='word_1_44' title='bbox 752 1423 886 1546; x_wconf 54' lang='lat' dir='ltr'><strong>{ss-ffi.</strong></span> <span class='ocrx_word' id='word_1_45' title='bbox 930 1441 1111 1538; x_wconf 82' lang='lat' dir='ltr'><strong>Superior</strong></span> <span class='ocrx_word' id='word_1_46' title='bbox 1121 1440 1203 1517; x_wconf 89' lang='lat' dir='ltr'><strong>ordo</strong></span> 
     </span>
     <span class='ocr_line' id='line_1_8' title="bbox 169 1556 1203 1655; baseline 0.003 -25"><span class='ocrx_word' id='word_1_47' title='bbox 169 1569 224 1630; x_wconf 90' lang='lat' dir='ltr'><strong>est</strong></span> <span class='ocrx_word' id='word_1_48' title='bbox 244 1567 288 1631; x_wconf 90' lang='lat'><strong>5:</strong></span> <span class='ocrx_word' id='word_1_49' title='bbox 316 1559 426 1631; x_wconf 83' lang='lat' dir='ltr'><strong>tertie</strong></span> <span class='ocrx_word' id='word_1_50' title='bbox 455 1581 541 1655; x_wconf 83' lang='lat' dir='ltr'><strong>pars</strong></span> <span class='ocrx_word' id='word_1_51' title='bbox 571 1556 765 1646; x_wconf 86' lang='lat' dir='ltr'><strong>inferioris,</strong></span> <span class='ocrx_word' id='word_1_52' title='bbox 788 1569 825 1634; x_wconf 83' lang='grc'><strong>4.</strong></span> <span class='ocrx_word' id='word_1_53' title='bbox 879 1558 1064 1633; x_wconf 79' lang='lat' dir='ltr'>Excessus</span> <span class='ocrx_word' id='word_1_54' title='bbox 1092 1570 1150 1632; x_wconf 85' lang='lat' dir='ltr'><strong>eet</strong></span> <span class='ocrx_word' id='word_1_55' title='bbox 1176 1567 1203 1645; x_wconf 87' lang='grc' dir='ltr'><strong>Ι,</strong></span> 
     </span>
     <span class='ocr_line' id='line_1_9' title="bbox 168 1668 1203 1773; baseline 0.004 -30"><span class='ocrx_word' id='word_1_56' title='bbox 168 1671 244 1743; x_wconf 90' lang='lat' dir='ltr'><strong>sive</strong></span> <span class='ocrx_word' id='word_1_57' title='bbox 261 1669 310 1763; x_wconf 53' lang='grc' dir='ltr'><strong>ἦ.</strong></span> <span class='ocrx_word' id='word_1_58' title='bbox 364 1668 479 1765; x_wconf 68' lang='lat' dir='ltr'><strong>Sed-:-</strong></span> <span class='ocrx_word' id='word_1_59' title='bbox 502 1685 559 1744; x_wconf 90' lang='lat' dir='ltr'><strong>est</strong></span> <span class='ocrx_word' id='word_1_60' title='bbox 593 1672 711 1768; x_wconf 88' lang='lat' dir='ltr'><strong>mujor</strong></span> <span class='ocrx_word' id='word_1_61' title='bbox 745 1695 855 1769; x_wconf 83' lang='lat' dir='ltr'><strong>quum</strong></span> <span class='ocrx_word' id='word_1_62' title='bbox 879 1682 911 1765; x_wconf 59' lang='grc' dir='ltr'><strong>ς,</strong></span> <span class='ocrx_word' id='word_1_63' title='bbox 929 1683 1072 1768; x_wconf 79' lang='lat' dir='ltr'><strong>quantu</strong></span> <span class='ocrx_word' id='word_1_64' title='bbox 1099 1684 1203 1773; x_wconf 51' lang='lat' dir='ltr'><strong>est}</strong></span> 
     </span>
    </p>
   </div>
   <div class='ocr_carea' id='block_1_3' title="bbox 169 1785 813 1933">
    <p class='ocr_par' dir='ltr' id='par_1_3' title="bbox 169 1785 813 1933">
     <span class='ocr_line' id='line_1_10' title="bbox 169 1785 615 1880; baseline -0.002 -22"><span class='ocrx_word' id='word_1_65' title='bbox 169 1785 313 1858; x_wconf 87' lang='lat' dir='ltr'><strong>Crescit</strong></span> <span class='ocrx_word' id='word_1_66' title='bbox 329 1807 418 1880; x_wconf 85' lang='lat' dir='ltr'><strong>ergo</strong></span> <span class='ocrx_word' id='word_1_67' title='bbox 435 1806 615 1858; x_wconf 81' lang='lat' dir='ltr'><strong>excessus.</strong></span> 
     </span>
     <span class='ocr_line' id='line_1_11' title="bbox 653 1881 813 1933; baseline 0.019 -5"><span class='ocrx_word' id='word_1_68' title='bbox 653 1895 690 1930; x_wconf 84' lang='lat' dir='ltr'><strong>o÷</strong></span> <span class='ocrx_word' id='word_1_69' title='bbox 703 1891 764 1933; x_wconf 74' lang='lat'><strong>14⁴</strong></span> <span class='ocrx_word' id='word_1_70' title='bbox 775 1881 813 1931; x_wconf 64' lang='grc' dir='ltr'><strong>ψ’</strong></span> 
     </span>
    </p>
   </div>
   <div class='ocr_carea' id='block_1_4' title="bbox 167 1908 1206 2351">
    <p class='ocr_par' dir='ltr' id='par_1_4' title="bbox 167 1908 1206 2351">
     <span class='ocr_line' id='line_1_12' title="bbox 219 1908 1204 2009; baseline 0 -27"><span class='ocrx_word' id='word_1_71' title='bbox 219 1910 302 1983; x_wconf 86' lang='lat' dir='ltr'>Sint</span> <span class='ocrx_word' id='word_1_72' title='bbox 334 1909 416 1983; x_wconf 83' lang='lat' dir='ltr'><strong>loca</strong></span> <span class='ocrx_word' id='word_1_73' title='bbox 449 1921 618 2006; x_wconf 81' lang='lat' dir='ltr'><strong>quatuor,</strong></span> <span class='ocrx_word' id='word_1_74' title='bbox 654 1973 712 2008; x_wconf 71' lang='lat' dir='ltr'><strong>m</strong></span> <span class='ocrx_word' id='word_1_75' title='bbox 723 1972 764 2009; x_wconf 54' lang='grc' dir='ltr'>Η</span> <span class='ocrx_word' id='word_1_76' title='bbox 776 1966 834 2009; x_wconf 58' lang='lat'><strong>4„</strong></span> <span class='ocrx_word' id='word_1_77' title='bbox 872 1908 1132 2007; x_wconf 83' lang='lat' dir='ltr'><strong>Aggregutum</strong></span> <span class='ocrx_word' id='word_1_78' title='bbox 1154 1930 1204 1982; x_wconf 89' lang='lat' dir='ltr'><strong>su·</strong></span> 
     </span>
     <span class='ocr_line' id='line_1_13' title="bbox 167 2024 1206 2125; baseline 0 -26"><span class='ocrx_word' id='word_1_79' title='bbox 167 2027 321 2123; x_wconf 85' lang='lat' dir='ltr'><strong>periuris</strong></span> <span class='ocrx_word' id='word_1_80' title='bbox 338 2027 478 2101; x_wconf 89' lang='lat' dir='ltr'><strong>ordinis</strong></span> <span class='ocrx_word' id='word_1_81' title='bbox 496 2039 552 2101; x_wconf 90' lang='lat' dir='ltr'><strong>est</strong></span> <span class='ocrx_word' id='word_1_82' title='bbox 575 2036 630 2101; x_wconf 81' lang='lat'><strong>14.</strong></span> <span class='ocrx_word' id='word_1_83' title='bbox 680 2028 809 2102; x_wconf 84' lang='lat' dir='ltr'><strong>Tertia</strong></span> <span class='ocrx_word' id='word_1_84' title='bbox 834 2050 921 2125; x_wconf 89' lang='lat' dir='ltr'><strong>purs</strong></span> <span class='ocrx_word' id='word_1_85' title='bbox 946 2024 1135 2101; x_wconf 85' lang='lat' dir='ltr'><strong>inferioris</strong></span> <span class='ocrx_word' id='word_1_86' title='bbox 1157 2034 1206 2099; x_wconf 87' lang='lat' dir='ltr'><strong>est</strong></span> 
     </span>
     <span class='ocr_line' id='line_1_14' title="bbox 173 2135 1204 2239; baseline -0.004 -25"><span class='ocrx_word' id='word_1_87' title='bbox 173 2151 228 2215; x_wconf 82' lang='lat'><strong>12.</strong></span> <span class='ocrx_word' id='word_1_88' title='bbox 281 2142 461 2215; x_wconf 84' lang='lat' dir='ltr'>Excessus</span> <span class='ocrx_word' id='word_1_89' title='bbox 477 2152 534 2214; x_wconf 90' lang='lat' dir='ltr'><strong>est</strong></span> <span class='ocrx_word' id='word_1_90' title='bbox 551 2150 596 2214; x_wconf 77' lang='lat'><strong>2:</strong></span> <span class='ocrx_word' id='word_1_91' title='bbox 615 2142 679 2238; x_wconf 93' lang='lat' dir='ltr'><strong>qui</strong></span> <span class='ocrx_word' id='word_1_92' title='bbox 696 2142 814 2239; x_wconf 85' lang='lat' dir='ltr'><strong>major</strong></span> <span class='ocrx_word' id='word_1_93' title='bbox 830 2152 886 2215; x_wconf 92' lang='lat' dir='ltr'><strong>est</strong></span> <span class='ocrx_word' id='word_1_94' title='bbox 902 2162 1017 2238; x_wconf 82' lang='lat' dir='ltr'><strong>quum</strong></span> <span class='ocrx_word' id='word_1_95' title='bbox 1033 2148 1066 2230; x_wconf 89' lang='lat' dir='ltr'><strong>l,</strong></span> <span class='ocrx_word' id='word_1_96' title='bbox 1080 2135 1204 2231; x_wconf 60' lang='grc' dir='ltr'><strong>εἰπὲ.</strong></span> 
     </span>
     <span class='ocr_line' id='line_1_15' title="bbox 168 2253 568 2351; baseline 0.003 -24"><span class='ocrx_word' id='word_1_97' title='bbox 168 2255 310 2327; x_wconf 87' lang='lat' dir='ltr'><strong>Crescit</strong></span> <span class='ocrx_word' id='word_1_98' title='bbox 328 2277 417 2351; x_wconf 83' lang='lat' dir='ltr'><strong>ergo</strong></span> <span class='ocrx_word' id='word_1_99' title='bbox 435 2253 568 2328; x_wconf 84' lang='lat' dir='ltr'><strong>adhuc.</strong></span> 
     </span>
    </p>
   </div>
   <div class='ocr_carea' id='block_1_5' title="bbox 167 2361 1206 4062">
    <p class='ocr_par' dir='ltr' id='par_1_5' title="bbox 167 2361 1206 2930">
     <span class='ocr_line' id='line_1_16' title="bbox 219 2361 1205 2477; baseline -0.003 -25"><span class='ocrx_word' id='word_1_100' title='bbox 219 2379 302 2452; x_wconf 88' lang='lat' dir='ltr'><strong>Sint</strong></span> <span class='ocrx_word' id='word_1_101' title='bbox 316 2377 473 2474; x_wconf 92' lang='lat' dir='ltr'><strong>denique</strong></span> <span class='ocrx_word' id='word_1_102' title='bbox 490 2377 572 2452; x_wconf 89' lang='lat' dir='ltr'><strong>locu</strong></span> <span class='ocrx_word' id='word_1_103' title='bbox 588 2378 759 2475; x_wconf 88' lang='lat' dir='ltr'><strong>quinque,</strong></span> <span class='ocrx_word' id='word_1_104' title='bbox 778 2361 1019 2477; x_wconf 46' lang='lat' dir='ltr'><strong>ssssssssffissss.</strong></span> <span class='ocrx_word' id='word_1_105' title='bbox 1072 2377 1205 2475; x_wconf 84' lang='lat' dir='ltr'><strong>Aggre-</strong></span> 
     </span>
     <span class='ocr_line' id='line_1_17' title="bbox 167 2493 1206 2592; baseline -0.002 -24"><span class='ocrx_word' id='word_1_106' title='bbox 167 2510 296 2591; x_wconf 85' lang='lat' dir='ltr'><strong>gutum</strong></span> <span class='ocrx_word' id='word_1_107' title='bbox 327 2496 526 2592; x_wconf 90' lang='lat' dir='ltr'><strong>superioris</strong></span> <span class='ocrx_word' id='word_1_108' title='bbox 554 2495 693 2569; x_wconf 90' lang='lat' dir='ltr'><strong>ordinis</strong></span> <span class='ocrx_word' id='word_1_109' title='bbox 718 2508 775 2570; x_wconf 89' lang='lat' dir='ltr'><strong>est</strong></span> <span class='ocrx_word' id='word_1_110' title='bbox 804 2506 863 2571; x_wconf 87' lang='grc'><strong>30.</strong></span> <span class='ocrx_word' id='word_1_111' title='bbox 914 2497 1043 2569; x_wconf 84' lang='lat' dir='ltr'><strong>Tertia</strong></span> <span class='ocrx_word' id='word_1_112' title='bbox 1058 2518 1143 2591; x_wconf 86' lang='lat' dir='ltr'><strong>pars</strong></span> <span class='ocrx_word' id='word_1_113' title='bbox 1158 2493 1206 2566; x_wconf 90' lang='lat' dir='ltr'><strong>iu-</strong></span> 
     </span>
     <span class='ocr_line' id='line_1_18' title="bbox 168 2608 1206 2706; baseline -0.001 -24"><span class='ocrx_word' id='word_1_114' title='bbox 168 2609 311 2682; x_wconf 84' lang='lat' dir='ltr'><strong>lerioris</strong></span> <span class='ocrx_word' id='word_1_115' title='bbox 345 2621 401 2681; x_wconf 91' lang='lat' dir='ltr'><strong>est</strong></span> <span class='ocrx_word' id='word_1_116' title='bbox 435 2608 515 2687; x_wconf 64' lang='lat'><strong>263.</strong></span> <span class='ocrx_word' id='word_1_117' title='bbox 568 2608 642 2682; x_wconf 88' lang='lat' dir='ltr'><strong>Sed</strong></span> <span class='ocrx_word' id='word_1_118' title='bbox 678 2619 725 2684; x_wconf 89' lang='grc'><strong>30</strong></span> <span class='ocrx_word' id='word_1_119' title='bbox 753 2611 871 2706; x_wconf 84' lang='lat' dir='ltr'><strong>major</strong></span> <span class='ocrx_word' id='word_1_120' title='bbox 902 2622 958 2682; x_wconf 90' lang='lat' dir='ltr'><strong>est</strong></span> <span class='ocrx_word' id='word_1_121' title='bbox 992 2632 1105 2706; x_wconf 85' lang='lat' dir='ltr'><strong>quem</strong></span> <span class='ocrx_word' id='word_1_122' title='bbox 1134 2615 1206 2698; x_wconf 71' lang='lat'><strong>⁴261,</strong></span> 
     </span>
     <span class='ocr_line' id='line_1_19' title="bbox 169 2722 1206 2819; baseline 0 -25"><span class='ocrx_word' id='word_1_123' title='bbox 169 2735 349 2817; x_wconf 87' lang='lat' dir='ltr'><strong>quantum</strong></span> <span class='ocrx_word' id='word_1_124' title='bbox 373 2736 428 2795; x_wconf 91' lang='lat' dir='ltr'><strong>est</strong></span> <span class='ocrx_word' id='word_1_125' title='bbox 447 2729 514 2810; x_wconf 61' lang='lat'><strong>33:</strong></span> <span class='ocrx_word' id='word_1_126' title='bbox 541 2723 640 2819; x_wconf 94' lang='lat' dir='ltr'><strong>quod</strong></span> <span class='ocrx_word' id='word_1_127' title='bbox 670 2733 726 2795; x_wconf 90' lang='lat' dir='ltr'><strong>est</strong></span> <span class='ocrx_word' id='word_1_128' title='bbox 755 2723 838 2819; x_wconf 93' lang='lat' dir='ltr'><strong>plus</strong></span> <span class='ocrx_word' id='word_1_129' title='bbox 864 2746 976 2819; x_wconf 87' lang='lat' dir='ltr'><strong>quam</strong></span> <span class='ocrx_word' id='word_1_130' title='bbox 1001 2731 1038 2796; x_wconf 80' lang='lat'><strong>2.</strong></span> <span class='ocrx_word' id='word_1_131' title='bbox 1093 2722 1206 2796; x_wconf 76' lang='lat' dir='ltr'><strong>Quare</strong></span> 
     </span>
     <span class='ocr_line' id='line_1_20' title="bbox 168 2835 507 2930; baseline 0.003 -24"><span class='ocrx_word' id='word_1_132' title='bbox 168 2848 347 2930; x_wconf 90' lang='lat' dir='ltr'><strong>perpetuo</strong></span> <span class='ocrx_word' id='word_1_133' title='bbox 363 2835 507 2908; x_wconf 89' lang='lat' dir='ltr'><strong>crescit.</strong></span> 
     </span>
    </p>

    <p class='ocr_par' dir='ltr' id='par_1_6' title="bbox 168 2946 1205 4062">
     <span class='ocr_line' id='line_1_21' title="bbox 221 2946 1205 3045; baseline -0.001 -26"><span class='ocrx_word' id='word_1_134' title='bbox 221 2946 350 3043; x_wconf 82' lang='lat' dir='ltr'><strong>Itaque</strong></span> <span class='ocrx_word' id='word_1_135' title='bbox 367 2948 570 3045; x_wconf 89' lang='lat' dir='ltr'><strong>propositio</strong></span> <span class='ocrx_word' id='word_1_136' title='bbox 583 2948 645 3020; x_wconf 89' lang='lat' dir='ltr'><strong>illa</strong></span> <span class='ocrx_word' id='word_1_137' title='bbox 659 2948 770 3021; x_wconf 86' lang='lat' dir='ltr'><strong>etiam</strong></span> <span class='ocrx_word' id='word_1_138' title='bbox 786 2948 824 3020; x_wconf 92' lang='lat' dir='ltr'><strong>in</strong></span> <span class='ocrx_word' id='word_1_139' title='bbox 841 2946 1006 3021; x_wconf 89' lang='lat' dir='ltr'><strong>numeris</strong></span> <span class='ocrx_word' id='word_1_140' title='bbox 1023 2946 1205 3020; x_wconf 76' lang='lat' dir='ltr'><strong>abstractis</strong></span> 
     </span>
     <span class='ocr_line' id='line_1_22' title="bbox 168 3059 1205 3158; baseline 0.001 -26"><span class='ocrx_word' id='word_1_141' title='bbox 168 3059 261 3133; x_wconf 83' lang='lat' dir='ltr'><strong>false</strong></span> <span class='ocrx_word' id='word_1_142' title='bbox 277 3074 345 3134; x_wconf 90' lang='lat' dir='ltr'><strong>est.</strong></span> <span class='ocrx_word' id='word_1_143' title='bbox 399 3062 474 3135; x_wconf 92' lang='lat' dir='ltr'><strong>Sed</strong></span> <span class='ocrx_word' id='word_1_144' title='bbox 500 3062 560 3134; x_wconf 89' lang='lat' dir='ltr'><strong>ille</strong></span> <span class='ocrx_word' id='word_1_145' title='bbox 587 3086 662 3133; x_wconf 92' lang='lat' dir='ltr'><strong>non</strong></span> <span class='ocrx_word' id='word_1_146' title='bbox 690 3061 864 3158; x_wconf 87' lang='lat' dir='ltr'><strong>loquutus</strong></span> <span class='ocrx_word' id='word_1_147' title='bbox 893 3073 949 3134; x_wconf 92' lang='lat' dir='ltr'><strong>est</strong></span> <span class='ocrx_word' id='word_1_148' title='bbox 977 3059 1025 3133; x_wconf 93' lang='lat' dir='ltr'><strong>de</strong></span> <span class='ocrx_word' id='word_1_149' title='bbox 1055 3059 1205 3134; x_wconf 91' lang='lat' dir='ltr'><strong>numeris</strong></span> 
     </span>
     <span class='ocr_line' id='line_1_23' title="bbox 169 3173 1205 3272; baseline -0.001 -26"><span class='ocrx_word' id='word_1_150' title='bbox 169 3175 389 3248; x_wconf 86' lang='lat' dir='ltr'><strong>abstractis:</strong></span> <span class='ocrx_word' id='word_1_151' title='bbox 415 3189 457 3248; x_wconf 92' lang='lat' dir='ltr'><strong>ut</strong></span> <span class='ocrx_word' id='word_1_152' title='bbox 474 3199 519 3248; x_wconf 84' lang='lat' dir='ltr'><strong>ex</strong></span> <span class='ocrx_word' id='word_1_153' title='bbox 537 3199 580 3248; x_wconf 92' lang='lat' dir='ltr'><strong>eo</strong></span> <span class='ocrx_word' id='word_1_154' title='bbox 598 3174 754 3270; x_wconf 85' lang='lat' dir='ltr'><strong>intelligi</strong></span> <span class='ocrx_word' id='word_1_155' title='bbox 775 3189 913 3271; x_wconf 88' lang='lat' dir='ltr'><strong>potest,</strong></span> <span class='ocrx_word' id='word_1_156' title='bbox 931 3175 1033 3272; x_wconf 92' lang='lat' dir='ltr'><strong>quod</strong></span> <span class='ocrx_word' id='word_1_157' title='bbox 1050 3173 1205 3272; x_wconf 88' lang='lat' dir='ltr'><strong>proposi·</strong></span> 
     </span>
     <span class='ocr_line' id='line_1_24' title="bbox 169 3288 1204 3385; baseline -0.002 -24"><span class='ocrx_word' id='word_1_158' title='bbox 169 3289 289 3361; x_wconf 91' lang='lat' dir='ltr'><strong>tiones</strong></span> <span class='ocrx_word' id='word_1_159' title='bbox 306 3289 387 3362; x_wconf 85' lang='lat' dir='ltr'><strong>illus</strong></span> <span class='ocrx_word' id='word_1_160' title='bbox 404 3288 550 3385; x_wconf 91' lang='lat' dir='ltr'><strong>scripsit</strong></span> <span class='ocrx_word' id='word_1_161' title='bbox 568 3289 606 3362; x_wconf 94' lang='lat' dir='ltr'><strong>iu</strong></span> <span class='ocrx_word' id='word_1_162' title='bbox 632 3288 760 3362; x_wconf 89' lang='lat' dir='ltr'><strong>ordine</strong></span> <span class='ocrx_word' id='word_1_163' title='bbox 777 3288 826 3361; x_wconf 89' lang='lat' dir='ltr'><strong>ud</strong></span> <span class='ocrx_word' id='word_1_164' title='bbox 843 3289 1096 3362; x_wconf 88' lang='lat' dir='ltr'><strong>inventionem</strong></span> <span class='ocrx_word' id='word_1_165' title='bbox 1112 3311 1204 3385; x_wconf 81' lang='lat' dir='ltr'><strong>paru·</strong></span> 
     </span>
     <span class='ocr_line' id='line_1_25' title="bbox 168 3400 1204 3499; baseline -0.001 -25"><span class='ocrx_word' id='word_1_166' title='bbox 168 3401 336 3476; x_wconf 86' lang='lat' dir='ltr'><strong>bolarum</strong></span> <span class='ocrx_word' id='word_1_167' title='bbox 355 3401 403 3475; x_wconf 84' lang='lat' dir='ltr'><strong>ad</strong></span> <span class='ocrx_word' id='word_1_168' title='bbox 420 3426 486 3476; x_wconf 86' lang='lat' dir='ltr'><strong>sua</strong></span> <span class='ocrx_word' id='word_1_169' title='bbox 500 3402 716 3499; x_wconf 83' lang='lat' dir='ltr'><strong>rectangulu</strong></span> <span class='ocrx_word' id='word_1_170' title='bbox 727 3402 1022 3499; x_wconf 89' lang='lat' dir='ltr'><strong>proportionum,</strong></span> <span class='ocrx_word' id='word_1_171' title='bbox 1034 3414 1073 3476; x_wconf 93' lang='lat' dir='ltr'><strong>et</strong></span> <span class='ocrx_word' id='word_1_172' title='bbox 1090 3426 1135 3475; x_wconf 87' lang='lat' dir='ltr'><strong>ex</strong></span> <span class='ocrx_word' id='word_1_173' title='bbox 1146 3400 1204 3473; x_wconf 84' lang='lat' dir='ltr'><strong>illis</strong></span> 
     </span>
     <span class='ocr_line' id='line_1_26' title="bbox 169 3511 1203 3611; baseline -0.001 -26"><span class='ocrx_word' id='word_1_174' title='bbox 169 3515 468 3611; x_wconf 88' lang='lat' dir='ltr'><strong>proportionibus</strong></span> <span class='ocrx_word' id='word_1_175' title='bbox 495 3515 543 3589; x_wconf 87' lang='lat' dir='ltr'><strong>ud</strong></span> <span class='ocrx_word' id='word_1_176' title='bbox 571 3516 823 3588; x_wconf 88' lang='lat' dir='ltr'><strong>inventionem</strong></span> <span class='ocrx_word' id='word_1_177' title='bbox 852 3525 1066 3587; x_wconf 89' lang='lat' dir='ltr'><strong>centrorum</strong></span> <span class='ocrx_word' id='word_1_178' title='bbox 1099 3511 1203 3611; x_wconf 76' lang='lat' dir='ltr'><strong>gravi·</strong></span> 
     </span>
     <span class='ocr_line' id='line_1_27' title="bbox 169 3627 1201 3725; baseline -0.002 -27"><span class='ocrx_word' id='word_1_179' title='bbox 169 3628 258 3700; x_wconf 89' lang='lat' dir='ltr'><strong>tutis</strong></span> <span class='ocrx_word' id='word_1_180' title='bbox 287 3629 487 3723; x_wconf 85' lang='lat' dir='ltr'><strong>figurarum</strong></span> <span class='ocrx_word' id='word_1_181' title='bbox 519 3627 824 3725; x_wconf 82' lang='lat' dir='ltr'><strong>parubobcarum.</strong></span> <span class='ocrx_word' id='word_1_182' title='bbox 877 3627 1066 3701; x_wconf 85' lang='lat' dir='ltr'><strong>Numerus</strong></span> <span class='ocrx_word' id='word_1_183' title='bbox 1095 3638 1201 3701; x_wconf 84' lang='lat' dir='ltr'><strong>auten</strong></span> 
     </span>
     <span class='ocr_line' id='line_1_28' title="bbox 170 3739 1200 3837; baseline 0.003 -27"><span class='ocrx_word' id='word_1_184' title='bbox 170 3739 208 3811; x_wconf 91' lang='lat' dir='ltr'><strong>in</strong></span> <span class='ocrx_word' id='word_1_185' title='bbox 226 3741 423 3829; x_wconf 85' lang='lat' dir='ltr'><strong>abstracto,</strong></span> <span class='ocrx_word' id='word_1_186' title='bbox 435 3753 602 3814; x_wconf 89' lang='lat' dir='ltr'><strong>centrum</strong></span> <span class='ocrx_word' id='word_1_187' title='bbox 620 3740 813 3837; x_wconf 85' lang='lat' dir='ltr'><strong>gravitatis</strong></span> <span class='ocrx_word' id='word_1_188' title='bbox 832 3740 1051 3815; x_wconf 82' lang='lat' dir='ltr'><strong>nonhabet.</strong></span> <span class='ocrx_word' id='word_1_189' title='bbox 1080 3741 1200 3813; x_wconf 72' lang='lat' dir='ltr'><strong>vernn</strong></span> 
     </span>
     <span class='ocr_line' id='line_1_29' title="bbox 171 3846 1201 3951; baseline -0.002 -25"><span class='ocrx_word' id='word_1_190' title='bbox 171 3853 201 3926; x_wconf 92' lang='lat' dir='ltr'><strong>si</strong></span> <span class='ocrx_word' id='word_1_191' title='bbox 232 3853 285 3926; x_wconf 92' lang='lat' dir='ltr'><strong>sic</strong></span> <span class='ocrx_word' id='word_1_192' title='bbox 314 3854 471 3951; x_wconf 86' lang='lat' dir='ltr'><strong>intelligi</strong></span> <span class='ocrx_word' id='word_1_193' title='bbox 498 3879 537 3927; x_wconf 95' lang='lat' dir='ltr'><strong>se</strong></span> <span class='ocrx_word' id='word_1_194' title='bbox 560 3854 689 3942; x_wconf 89' lang='lat' dir='ltr'><strong>voluit,</strong></span> <span class='ocrx_word' id='word_1_195' title='bbox 717 3879 828 3927; x_wconf 83' lang='lat' dir='ltr'><strong>ceusu</strong></span> <span class='ocrx_word' id='word_1_196' title='bbox 853 3855 989 3928; x_wconf 93' lang='lat' dir='ltr'><strong>erroris</strong></span> <span class='ocrx_word' id='word_1_197' title='bbox 1012 3866 1094 3928; x_wconf 82' lang='lat' dir='ltr'><strong>erat</strong></span> <span class='ocrx_word' id='word_1_198' title='bbox 1119 3846 1201 3950; x_wconf 90' lang='lat' dir='ltr'><strong>quod</strong></span> 
     </span>
     <span class='ocr_line' id='line_1_30' title="bbox 170 3966 1199 4062; baseline -0.004 -24"><span class='ocrx_word' id='word_1_199' title='bbox 170 3980 320 4062; x_wconf 86' lang='lat' dir='ltr'><strong>putarat</strong></span> <span class='ocrx_word' id='word_1_200' title='bbox 346 3967 564 4042; x_wconf 87' lang='lat' dir='ltr'><strong>fractionem</strong></span> <span class='ocrx_word' id='word_1_201' title='bbox 583 3982 621 4041; x_wconf 90' lang='lat' dir='ltr'><strong>et</strong></span> <span class='ocrx_word' id='word_1_202' title='bbox 639 3969 820 4042; x_wconf 85' lang='lat' dir='ltr'><strong>rationem</strong></span> <span class='ocrx_word' id='word_1_203' title='bbox 848 3966 1005 4041; x_wconf 86' lang='lat' dir='ltr'><strong>eandem</strong></span> <span class='ocrx_word' id='word_1_204' title='bbox 1030 3991 1110 4043; x_wconf 87' lang='lat' dir='ltr'><strong>esse</strong></span> <span class='ocrx_word' id='word_1_205' title='bbox 1125 3987 1199 4040; x_wconf 88' lang='lat' dir='ltr'><strong>ren.</strong></span> 
     </span>
    </p>
   </div>
   <div class='ocr_carea' id='block_1_6' title="bbox 172 4078 1133 4179">
    <p class='ocr_par' dir='ltr' id='par_1_7' title="bbox 172 4078 1133 4179">
     <span class='ocr_line' id='line_1_31' title="bbox 172 4078 1133 4179; baseline 0.003 -28"><span class='ocrx_word' id='word_1_206' title='bbox 172 4078 246 4152; x_wconf 92' lang='lat' dir='ltr'><strong>Sed</strong></span> <span class='ocrx_word' id='word_1_207' title='bbox 262 4081 424 4175; x_wconf 90' lang='lat' dir='ltr'><strong>pertinet</strong></span> <span class='ocrx_word' id='word_1_208' title='bbox 440 4082 513 4155; x_wconf 93' lang='lat' dir='ltr'><strong>hoc</strong></span> <span class='ocrx_word' id='word_1_209' title='bbox 531 4081 579 4154; x_wconf 88' lang='lat' dir='ltr'><strong>ud</strong></span> <span class='ocrx_word' id='word_1_210' title='bbox 596 4080 884 4155; x_wconf 84' lang='lat' dir='ltr'><strong>controversiam</strong></span> <span class='ocrx_word' id='word_1_211' title='bbox 903 4095 1133 4179; x_wconf 90' lang='lat' dir='ltr'><strong>sequentem.</strong></span> 
     </span>
    </p>
   </div>
   <div class='ocr_carea' id='block_1_7' title="bbox 498 4276 892 4330">
    <p class='ocr_par' dir='ltr' id='par_1_8' title="bbox 498 4276 892 4330">
     <span class='ocr_line' id='line_1_32' title="bbox 498 4276 892 4330; baseline -0.003 -1"><span class='ocrx_word' id='word_1_212' title='bbox 498 4277 822 4330; x_wconf 80' lang='lat' dir='ltr'><strong>CONTROVERSIA</strong></span> <span class='ocrx_word' id='word_1_213' title='bbox 847 4276 892 4328; x_wconf 85' lang='lat'><strong>11.</strong></span> 
     </span>
    </p>
   </div>
   <div class='ocr_carea' id='block_1_8' title="bbox 219 4378 1202 4481">
    <p class='ocr_par' dir='ltr' id='par_1_9' title="bbox 219 4378 1202 4481">
     <span class='ocr_line' id='line_1_33' title="bbox 219 4378 1202 4481; baseline -0.001 -27"><span class='ocrx_word' id='word_1_214' title='bbox 219 4382 281 4455; x_wconf 90' lang='lat' dir='ltr'><strong>De</strong></span> <span class='ocrx_word' id='word_1_215' title='bbox 303 4406 346 4456; x_wconf 89' lang='lat' dir='ltr'><strong>eo</strong></span> <span class='ocrx_word' id='word_1_216' title='bbox 377 4382 479 4479; x_wconf 82' lang='lat' dir='ltr'><strong>quod</strong></span> <span class='ocrx_word' id='word_1_217' title='bbox 497 4381 690 4481; x_wconf 80' lang='lat' dir='ltr'><strong>significat</strong></span> <span class='ocrx_word' id='word_1_218' title='bbox 715 4406 786 4454; x_wconf 81' lang='lat' dir='ltr'><strong>vox</strong></span> <span class='ocrx_word' id='word_1_219' title='bbox 805 4402 930 4455; x_wconf 72' lang='lat' dir='ltr'><strong>usuro</strong></span> <span class='ocrx_word' id='word_1_220' title='bbox 950 4382 1059 4479; x_wconf 83' lang='lat' dir='ltr'><strong>apud</strong></span> <span class='ocrx_word' id='word_1_221' title='bbox 1083 4378 1202 4456; x_wconf 77' lang='lat' dir='ltr'><strong>metle-</strong></span> 
     </span>
    </p>
   </div>
   <div class='ocr_carea' id='block_1_9' title="bbox 170 4497 1202 4685">
    <p class='ocr_par' dir='ltr' id='par_1_10' title="bbox 170 4497 1202 4685">
     <span class='ocr_line' id='line_1_34' title="bbox 170 4497 339 4571; baseline -0.018 0"><span class='ocrx_word' id='word_1_222' title='bbox 170 4497 339 4571; x_wconf 78' lang='lat' dir='ltr'><strong>mutiens.</strong></span> 
     </span>
     <span class='ocr_line' id='line_1_35' title="bbox 219 4606 1202 4685; baseline -0.009 0"><span class='ocrx_word' id='word_1_223' title='bbox 219 4611 417 4685; x_wconf 85' lang='lat' dir='ltr'><strong>Rationem</strong></span> <span class='ocrx_word' id='word_1_224' title='bbox 435 4607 564 4684; x_wconf 88' lang='lat' dir='ltr'><strong>definit</strong></span> <span class='ocrx_word' id='word_1_225' title='bbox 581 4607 752 4684; x_wconf 90' lang='lat' dir='ltr'><strong>Euclides</strong></span> <span class='ocrx_word' id='word_1_226' title='bbox 770 4608 840 4682; x_wconf 88' lang='lat' dir='ltr'><strong>hoo</strong></span> <span class='ocrx_word' id='word_1_227' title='bbox 858 4606 993 4682; x_wconf 91' lang='lat' dir='ltr'><strong>modo:</strong></span> <span class='ocrx_word' id='word_1_228' title='bbox 1028 4609 1142 4684; x_wconf 80' lang='lat' dir='ltr'><strong>Ratio</strong></span> <span class='ocrx_word' id='word_1_229' title='bbox 1156 4610 1202 4680; x_wconf 80' lang='lat' dir='ltr'><strong>erl</strong></span> 
     </span>
    </p>
   </div>
   <div class='ocr_carea' id='block_1_10' title="bbox 0 0 1335 5136">
    <p class='ocr_par' dir='ltr' id='par_1_11' title="bbox 0 0 1335 5136">
     <span class='ocr_line' id='line_1_36' title="bbox 0 0 1335 5136; baseline 0 0"><span class='ocrx_word' id='word_1_230' title='bbox 0 0 1335 5136; x_wconf 95' lang='lat' dir='ltr'><strong> </strong></span> 
     </span>
    </p>
   </div>
  </div>
 </body>
</html>
