2656 5136
108 668 182 736 280
518 683 741 736 nersronne.

1 855 66 963 ἐξ
108 850 349 947 perientiam:
375 848 513 948 alioqui
530 846 628 924 enim
650 850 725 948 pila
741 847 1094 946 perpendiculariter
1111 848 1154 920 in

63 957 66 962 ’
109 976 246 1037 terram
263 963 429 1037 incidens
447 987 632 1061 nunquam
651 963 799 1036 resiliet.

159 1077 271 1150 Nulla
296 1077 409 1173 igitur
426 1076 465 1150 in
481 1088 587 1174 parte
611 1077 754 1150 laborat
770 1099 854 1149 mea
870 1074 1153 1148 demonstratio.

110 1189 183 1262 Sed
199 1189 260 1262 illc
278 1189 436 1286 seipsum
452 1188 559 1262 valde
575 1188 715 1279 fefellit,
729 1189 814 1285 quia
831 1199 972 1260 motum
990 1211 1012 1259 a
1030 1187 1154 1259 deter-

107 1302 309 1374 minatione
334 1325 411 1374 non
438 1299 632 1374 distinxit:
669 1312 791 1373 motus
818 1299 916 1371 euim
943 1299 1020 1394 ipse
1049 1297 1153 1370 nullo

108 1413 220 1488 modo
241 1414 358 1487 minui
381 1413 504 1503 debet,
520 1425 563 1486 ut
581 1413 730 1486 reflexio
756 1413 823 1485 fiat
845 1411 893 1484 ad
910 1411 1065 1506 angulos
1089 1435 1153 1483 ac-

109 1539 236 1606 curate
268 1526 439 1622 aequales.
508 1527 701 1616 Praeterea,
736 1524 777 1598 id
810 1523 910 1622 quod
943 1524 1152 1619 assumpsit,

108 1638 212 1712 nulla
228 1639 264 1712 vi
281 1638 441 1712 amoveri
457 1638 556 1735 quod
577 1663 648 1712 aon
664 1637 767 1712 cedit
788 1636 994 1725 levissimae,
1011 1637 1153 1709 nullam

107 1751 219 1825 habet
249 1751 408 1848 speciem
435 1753 612 1828 veritatis.
665 1752 758 1826 Quis
788 1751 886 1824 enim
917 1751 1056 1842 credat,
1087 1774 1154 1822 ex-

109 1864 220 1961 empli
242 1864 372 1961 gratia,
389 1864 429 1937 in
451 1865 595 1939 bilance
624 1864 770 1962 pondus
800 1875 948 1937 centum
973 1863 1153 1936 librarum

107 1977 376 2074 aliquantulum
402 1977 532 2051 cedere
561 1978 717 2074 ponderi
745 1978 855 2052 unius
881 1977 985 2050 librae
1013 1977 1052 2049 in
1078 1975 1154 2048 alia

107 2090 224 2164 lancis
245 2102 350 2187 parte
373 2091 515 2187 positae,
534 2091 708 2186 quoniam
727 2091 827 2164 cedit
843 2089 998 2186 ponderi
1015 2089 1155 2162 ducen-

108 2217 189 2276 tum
217 2203 405 2276 librarum.
457 2202 629 2277 Concedo
659 2216 784 2276 tamen
809 2203 980 2290 libenter,
1006 2214 1153 2298 portem

107 2325 217 2390 terrae
229 2315 268 2389 in
282 2339 392 2411 quam
404 2315 479 2412 pila
491 2315 664 2410 impingit
677 2315 945 2412 aliquantulum
958 2315 993 2387 ei
1006 2315 1152 2404 cedere,

108 2441 152 2507 ut
168 2429 279 2502 etiam
295 2441 438 2524 partem
463 2428 549 2525 pilae
566 2428 605 2500 in
622 2440 760 2501 terram
777 2429 1042 2524 impingentem
1060 2451 1154 2499 non-

107 2542 200 2614 nihil
215 2542 415 2614 introrsum
432 2541 629 2630 recurvati,
646 2565 691 2612 ac
709 2541 853 2629 deinde,
881 2542 966 2637 quia
989 2554 1088 2613 terra
1112 2556 1154 2614 et

108 2655 182 2751 pila
199 2655 398 2728 restituunt
423 2679 462 2728 se
488 2668 573 2750 post
599 2655 726 2743 ictum,
750 2679 795 2726 ex
812 2656 882 2728 hoc
895 2654 1017 2749 juvari
1035 2654 1154 2726 resul-

107 2779 187 2840 tnm
204 2767 298 2862 pilae.
352 2767 425 2840 Sed
447 2767 588 2839 affirmo
607 2767 706 2839 hunc
728 2767 903 2839 resultnm
922 2766 1038 2861 magis
1055 2790 1154 2838 sem-

108 2904 175 2976 per
206 2879 376 2976 impediri
405 2879 452 2953 ab
483 2879 554 2952 ista
582 2878 835 2952 incurvatione
861 2880 945 2975 pilae
969 2894 1005 2951 et
1028 2892 1154 2969 terrae,

109 3017 218 3090 quam
243 2995 289 3066 ab
323 2994 402 3088 ejus
432 2994 666 3068 restitutione
689 2995 858 3088 juvetur:
892 3007 1002 3088 atque
1031 3018 1076 3064 ex
1106 3019 1154 3067 eo

107 3131 214 3204 posse
247 3105 491 3179 demonstrari
520 3106 758 3179 reflexionem
791 3107 887 3202 pilae,
922 3107 1155 3202 aliorumque

107 3217 287 3314 ejusmodi
316 3241 512 3314 corporum
542 3243 617 3291 non
649 3233 810 3292 extreme
840 3220 1028 3307 durorum,
1054 3243 1155 3293 nun-

108 3355 217 3428 quam
256 3330 337 3403 fieri
371 3330 419 3403 ad
453 3330 608 3425 angulos
641 3344 811 3404 accurate
846 3333 1016 3426 aequales.
1076 3334 1157 3408 Sed

108 3444 243 3540 absque
278 3441 601 3532 demonstratione,
634 3444 742 3516 facile
775 3457 833 3517 est
866 3445 1024 3541 experiri
1057 3447 1156 3541 pilas

108 3556 292 3630 molliores
309 3579 384 3628 non
402 3569 478 3628 tam
495 3556 568 3629 alte
585 3557 737 3645 resilire,
752 3582 820 3630 nec
838 3559 885 3630 ad
902 3572 978 3631 tam
996 3583 1155 3654 magnos

107 3669 275 3765 angulos,
294 3691 405 3763 quam
429 3669 606 3742 duriores.
659 3671 767 3743 Unde
799 3685 901 3766 patet
926 3697 1036 3767 quarn
1066 3697 1155 3766 per-

106 3805 232 3878 peram
251 3780 402 3855 adducit
428 3783 536 3855 istam
561 3796 670 3855 terrae
688 3783 879 3856 mollitiem
897 3785 945 3857 ad
962 3786 1155 3879 aequalita-

106 3907 183 3967 tem
212 3894 432 3988 angulorum
463 3895 804 3968 demonstrandam:
830 3899 1034 3992 praesertim
1064 3923 1154 3973 curn

106 4031 152 4080 ex
169 4031 214 4080 ea
230 4021 416 4104 sequatur,
434 4007 464 4080 si
495 4020 595 4079 terra
618 4020 655 4080 et
684 4008 769 4104 pilae
795 4021 870 4081 tam
899 4010 1001 4082 durae
1027 4027 1156 4086 essent

104 4133 149 4194 ut
165 4121 267 4193 nullo
285 4120 395 4193 modo
412 4119 598 4205 cederent,
615 4120 754 4193 nullam
781 4122 859 4194 fore
887 4123 1127 4197 reflexionem
1144 4155 1154 4198 ε

46 4267 48 4271 ·
105 4233 205 4330 quod
221 4246 278 4306 est
295 4233 521 4307 incredibile.
574 4233 684 4307 Patet
707 4237 817 4309 etiam
835 4260 944 4330 quam
964 4237 1095 4310 merito
1114 4254 1156 4313 et

104 4361 241 4421 terram
269 4361 307 4418 et
335 4348 446 4443 pilam
473 4346 635 4442 perfecte
662 4348 773 4422 duras
807 4352 1077 4445 assumpserim,
1108 4367 1155 4425 ut

43 4488 46 4496 ·
104 4483 164 4534 res
179 4462 246 4533 sub
264 4484 419 4533 examen
435 4461 735 4535 mathematicum
754 4463 884 4535 cadere
902 4465 1031 4558 possit.

155 4573 240 4647 Non
257 4575 399 4649 felicior
422 4590 477 4648 est
503 4574 601 4649 circa
625 4576 897 4665 refractionem,
916 4602 1000 4649 cum
1019 4578 1154 4653 distin-
