2656 5136
537 642 761 698 ΒΡῘΒΤΟΒΒ.

0 755 31 843 ⁹·
30 814 93 920 mfl
120 805 355 881 dextrorsum
366 830 442 882 uun
452 807 583 906 gradu
597 811 771 888 deorsum
783 813 939 901 dnobus
952 835 1030 889 non
1043 822 1178 891 tamen

30 891 310 1014 umperveniet
332 921 381 994 ad
404 921 438 995 G
461 923 580 997 tribus
601 925 791 1020 gradibus,
817 937 860 999 ut
888 925 951 998 ille
977 927 1176 1023 supponit.

119 1032 378 1129 Supponamos
393 1035 494 1108 euim
507 1035 598 1111 duas
615 1050 737 1113 rectas
753 1039 972 1114 constitutas
985 1038 1035 1114 ed
1051 1062 1177 1136 ungu-

117 1143 194 1218 lum
228 1160 373 1220 rectum
406 1147 487 1235 AB,
518 1147 600 1221 AC.
740 1201 753 1228 r

119 1256 243 1354 sitque
277 1259 456 1334 velocitas
493 1261 541 1335 ab
575 1263 608 1335 A
1135 1248 1167 1581 Ι

118 1394 245 1444 versus
270 1371 300 1443 B
326 1373 366 1446 in
391 1373 535 1448 ratione
562 1374 611 1447 ad

117 1483 353 1558 velocitatem
370 1487 418 1560 ab
436 1487 612 1563 Aversus
634 1246 1162 1677 ΚΧ

118 1596 160 1684 C,
177 1621 287 1693 quam
312 1598 455 1672 habet
444 1622 526 1696 rpea
540 1601 648 1674 AB⁸

116 1708 200 1782 nd
191 1733 308 1805 ipsam
328 1710 415 1784 AC.
442 1712 502 1785 he
525 1711 611 1787 duae

116 1822 330 1896 velocitates
381 1838 611 1921 componunt

115 1936 349 2011 velocitatem
366 1962 451 2034 ane
464 1952 523 2014 oet
536 1963 561 2012 a
578 1939 616 2012 Β
1016 1911 1032 1944 ⁸

116 2072 241 2123 versus
258 2051 301 2124 C.
351 2053 447 2126 Dico
464 2053 698 2127 velocitatem
720 2074 744 2124 a
765 2052 942 2127 Bvereus
959 2051 990 2124 C
1010 2074 1095 2126 esse
1120 2051 1174 2126 ad

113 2162 348 2238 velocitatem
369 2166 416 2239 ab
433 2166 469 2239 A
484 2189 612 2240 versus
638 2165 681 2255 C,
698 2163 758 2237 rel
784 2165 831 2238 ab
848 2165 884 2238 A
900 2187 1026 2238 versus
1055 2164 1100 2253 B,
1127 2179 1175 2241 ut

112 2288 216 2349 recta
242 2278 305 2351 BC
338 2277 387 2351 ad
413 2289 555 2351 rectam
581 2277 647 2352 AC
662 2277 723 2350 vel
742 2277 822 2350 AB.
875 2278 1045 2353 Ducatur
1064 2278 1114 2351 ab
1134 2279 1172 2353 A

111 2401 216 2462 recta
237 2390 306 2463 AD
333 2391 648 2488 perpendicularis
672 2389 723 2464 ed
749 2389 823 2476 BC,
847 2400 885 2463 et
910 2413 977 2486 per
999 2393 1034 2462 A
1060 2406 1171 2465 recta

112 2500 208 2574 ΒΑΕ
222 2502 341 2575 eidem
363 2504 425 2577 BC
437 2503 631 2600 parallela:
649 2503 740 2576 item
758 2503 831 2592 BF,
847 2503 908 2576 ΟΕ
922 2503 1169 2599 perpendicu-

111 2612 208 2687 lares
231 2615 279 2688 ad
305 2617 376 2689 Fu.
429 2616 615 2690 Quoniam
641 2617 756 2712 igitur
779 2629 904 2689 motus
928 2617 975 2689 ab
998 2617 1033 2689 A
1056 2618 1106 2690 ad
1136 2620 1168 2693 B

111 2729 345 2823 componitur
357 2754 402 2802 ex
416 2730 577 2802 motibus
592 2731 638 2803 ab
650 2730 678 2802 F
688 2730 736 2802 ad
747 2730 805 2802 A*
817 2742 855 2801 et
868 2729 914 2802 ab
930 2729 1018 2801 Fad
1031 2729 1166 2817 B‚non

112 2842 323 2915 contribuet
340 2856 462 2917 motus
475 2844 701 2938 compositus
716 2843 783 2916 AB
798 2843 881 2938 plus
899 2843 1101 2915 celeritatis
1116 2845 1167 2918 ad

111 2964 253 3026 motum
276 2980 300 3028 a
325 2956 357 3029 B
382 2980 508 3029 versus
529 2957 571 3045 C,
601 2981 713 3052 quam
742 2967 896 3052 possunt
924 2956 1166 3032 contribuere

111 3079 374 3164 componentes
392 3069 466 3156 FA,
482 3069 555 3141 FB.
600 3069 676 3144 Sed
692 3082 814 3143 motus
832 3069 892 3141 FB
911 3069 1004 3140 nihil
1022 3073 1164 3145 contri·

109 3178 191 3252 buit
208 3181 329 3254 motui
344 3205 368 3254 e
384 3182 416 3253 Β
432 3205 559 3256 versus
575 3183 629 3255 C:
653 3194 774 3255 motus
792 3181 891 3253 euim
907 3181 969 3252 ille
987 3180 1164 3255 determi-

109 3305 221 3365 natur
242 3293 424 3382 deorsum,
443 3319 512 3368 uec
538 3295 689 3368 omnino
715 3295 836 3367 tendit
861 3318 885 3366 a
911 3293 941 3364 B
968 3318 1097 3368 versus
1117 3298 1160 3370 C.

110 3406 217 3480 Solus
237 3408 352 3501 igitur
373 3418 494 3481 motus
513 3409 576 3480 FA
599 3407 664 3480 dat
681 3419 823 3480 motum
849 3430 872 3478 a
901 3407 930 3478 B
955 3430 1083 3480 versus
1115 3411 1161 3484 C.

109 3520 286 3593 Similiter
302 3523 481 3617 probatur
498 3522 564 3594 AC
583 3521 671 3595 dare
688 3533 867 3594 motuma
885 3520 918 3591 D
934 3543 1060 3592 versus
1074 3521 1106 3595 C
1120 3525 1161 3597 in

107 3635 245 3707 virtute
256 3634 368 3708 solius
381 3636 459 3707 ΑΕ.
486 3635 559 3707 Sed
571 3622 740 3707 celeritas
752 3657 862 3729 quam
875 3632 1076 3728 participat
1089 3637 1161 3711 AB

107 3747 153 3820 ab
171 3749 245 3834 FA,
259 3758 297 3819 et
313 3771 386 3842 qua
396 3758 570 3843 operatur
582 3771 604 3819 a
615 3748 646 3819 B
658 3771 787 3819 versus
802 3745 844 3834 C,
857 3759 913 3817 est
927 3745 974 3817 ad
986 3747 1160 3821 celerita-

106 3872 183 3932 tem
200 3873 317 3933 totam
334 3861 401 3932 AB
419 3862 458 3932 iu
475 3860 716 3956 proportione
734 3861 810 3949 FA,
828 3860 886 3931 vel
905 3860 983 3948 BD,
1005 3860 1053 3931 ad
1074 3864 1159 3937 AB.

105 3973 213 4062 Item,
225 3973 392 4046 celeritas
403 3997 516 4069 quam
532 3973 645 4046 habet
659 3973 724 4046 AC
734 3974 872 4046 virtute
887 3973 951 4044 AE
967 3985 1023 4043 est
1037 3974 1086 4045 ad
1099 3981 1174 4051 οε(

104 4087 288 4160 leritatem
306 4099 423 4160 totam
440 4087 517 4176 AC,
536 4098 577 4160 ut
594 4086 672 4176 ΑΒ,
692 4086 751 4160 vel
768 4087 846 4171 Dc,
864 4086 912 4158 ad
926 4087 1000 4158 AC.
1057 4087 1160 4163 Sunt

103 4225 194 4297 ergo
210 4201 331 4274 ambae
346 4201 553 4274 celeritates
567 4202 719 4297 junctas,
733 4201 866 4297 quibus
883 4201 926 4271 fit
943 4211 1067 4272 motus
1085 4227 1110 4275 a
1125 4206 1157 4277 B

101 4338 230 4388 versus
242 4315 289 4404 C,
301 4315 349 4387 ad
361 4315 587 4388 celeritatem
602 4316 816 4411 simpliciter
832 4324 1018 4408 sumptam
1028 4315 1067 4386 in
1075 4317 1157 4405 AC,

104 4428 160 4500 vel
173 4428 212 4501 in
225 4429 304 4516 AB,
317 4440 359 4501 ut
370 4439 450 4502 tota
460 4428 523 4501 BC
535 4428 584 4501 ad
594 4428 660 4501 AC
673 4427 730 4499 vel
744 4427 823 4499 AB.
865 4426 989 4500 Quare
1003 4442 1158 4524 sumpta

564 4695 582 4730 ⁸
606 4694 664 4753 Sic.
