2656 5136
196 1144 520 1230 HISTORIA
559 1141 1100 1230 ECCLESIASTICA.

502 1394 796 1462 DIALOGUS.

397 1927 669 1993 SECUNDUS,
711 1926 905 1996 PRIMUS,

536 2053 764 2112 Interlocutores.

131 2211 196 2273 Sec.
220 2208 312 2288 Qum
327 2209 400 2286 fers,
418 2210 539 2287 Purus,
554 2209 653 2275 novi?
696 2209 850 2275 Visendse
865 2231 937 2295 quae
952 2211 1017 2278 fuit
1030 2211 1118 2277 urbis

175 2308 279 2374 Causa
294 2309 364 2386 tibi,
380 2310 473 2375 modo
488 2311 545 2394 qui
559 2310 644 2374 ruris
659 2320 782 2375 amator
797 2312 888 2375 eres?

131 2410 190 2471 Pr.
215 2409 285 2473 Rus
300 2408 376 2472 mihi
392 2431 498 2474 career
512 2419 602 2473 erat:
626 2431 701 2493 quo,
717 2410 863 2493 quamvis
878 2433 943 2476 non
958 2410 1039 2476 male
1052 2410 1172 2487 clauso,

175 2507 314 2572 Intravit
327 2508 410 2572 bello
425 2518 640 2593 praetereunte
656 2509 778 2573 Metus.

132 2606 255 2672 Verum
272 2619 308 2671 tu
324 2606 401 2690 quid
416 2607 494 2692 agis,
510 2607 566 2691 qui
581 2630 697 2694 magna
711 2617 802 2672 tutus
816 2606 849 2671 in
865 2609 945 2674 urbe

175 2706 293 2782 Invito,
310 2705 424 2782 Musis,
441 2705 557 2781 Marte,
576 2705 746 2783 Sucrone,
763 2707 881 2771 vocas?

134 2806 200 2868 Sec.
225 2804 255 2867 N
257 2828 296 2868 on
312 2804 394 2869 socio
409 2804 517 2891 magni
533 2805 569 2867 M
573 2827 654 2881 usas,
670 2804 818 2871 doctasve
832 2827 970 2870 sorores:

179 2901 263 2967 Sunt
277 2901 338 2965 illae
353 2903 453 2966 nostri
468 2902 568 2966 tristis
583 2902 673 2989 origo
688 2902 770 2967 muli

134 2999 252 3064 Nonne
267 2999 355 3064 vides
370 3022 475 3064 rerum
491 3011 579 3065 totus
593 3010 738 3065 mutetur
751 3011 789 3065 ut
804 3000 901 3066 ordo:

178 3097 291 3182 thue
307 3097 394 3182 pium
410 3097 530 3174 dieunt,
547 3098 632 3182 quod
647 3098 711 3165 fuit
724 3109 799 3164 oute
814 3099 944 3165 scelus?
1131 3104 1171 3163 10

135 3196 316 3273 Perfidiam,
329 3196 440 3273 coedes,
456 3197 603 3282 perjurio,
620 3197 717 3273 furto,
732 3196 869 3283 rapinas,

177 3295 295 3361 Nonne
310 3296 399 3362 vides
413 3296 491 3363 civis
506 3296 605 3361 dicier
618 3306 689 3361 octa
702 3296 803 3362 boni?

138 3396 243 3477 Quam
261 3395 409 3462 Christus
423 3395 507 3460 dixit
517 3396 669 3461 sinceram
684 3393 891 3482 relligionem,

177 3497 362 3562 Monstrnnt
376 3495 540 3581 perspicue
556 3495 673 3560 tradita
682 3496 771 3582 jussa
785 3495 868 3561 Dei:

134 3597 247 3661 Addas
262 3620 281 3661 a
296 3594 418 3662 Christi
432 3595 618 3681 sperandam
634 3605 735 3661 morte
749 3595 895 3674 sulutem,

178 3697 315 3762 Munera
330 3706 462 3762 servatae
478 3694 651 3780 relligionis
665 3694 770 3760 habes

135 3798 194 3859 Pr.
219 3795 316 3860 Nunc
331 3794 558 3880 impossibilem
573 3792 731 3878 quandam
747 3793 903 3858 formatur
917 3791 950 3857 in
964 3803 1085 3858 ortem:

179 3894 209 3957 N
211 3918 251 3959 on
266 3894 374 3960 Pietas
390 3894 497 3970 vitam,
514 3892 701 3979 Theiologia
713 3891 813 3958 dubit.

136 3992 251 4076 Deque
265 3993 329 4058 Dei
344 3994 455 4059 dieunt
470 4003 584 4058 natura
598 3993 748 4079 dogmate
760 4013 844 4056 vane

180 4090 338 4168 Postume,
353 4093 470 4178 populo
485 4115 548 4157 nou
559 4092 712 4177 capienda
726 4091 806 4155 rudi.

137 4191 311 4255 Excutitur
325 4202 439 4257 natura
452 4191 515 4256 Dei
531 4202 668 4257 secreta:
694 4189 855 4256 sciendum
870 4198 920 4254 est

181 4288 279 4370 Quid,
294 4290 431 4374 quondo,
447 4312 555 4374 quare,
572 4289 730 4373 quomodo
745 4287 817 4352 vult
827 4296 861 4351 et
875 4285 952 4372 ugit.

138 4387 261 4453 Praeter
276 4411 365 4473 opus,
381 4389 466 4474 leges
481 4399 614 4465 sanctas,
631 4409 810 4471 nomenque
824 4384 1010 4460 timendum,

183 4487 270 4553 Scire
286 4487 393 4551 valent
404 4486 547 4551 homines
557 4487 595 4551 de
610 4487 740 4551 Deitote
756 4484 843 4548 nihil.

141 4587 203 4653 Sed
219 4587 318 4653 nostri
334 4587 461 4651 voluere
477 4586 536 4650 viri
552 4586 698 4670 praescire
713 4583 822 4660 videri,
