2656 5136
316 641 389 707 402
741 656 944 711 nisnonm

360 818 461 886 Gesta
476 821 580 907 priora
594 822 673 887 meri
687 832 779 909 geete
792 822 883 889 fuere
896 822 1055 892 hominis.

317 918 469 985 Humano
484 922 586 1005 majus
595 922 650 1007 jus
664 922 816 1008 postulat,
831 934 929 1007 atque
943 922 1058 991 videri

359 1023 457 1089 Posse
473 1020 592 1103 aliquid
608 1021 693 1086 solus
708 1020 796 1106 quod
810 1020 901 1087 Deua
915 1022 984 1107 ipso
1000 1034 1138 1109 potest.

317 1123 357 1186 In
372 1144 532 1186 summum
548 1119 715 1185 commissa
729 1119 837 1186 Deum
851 1130 984 1206 peccata
998 1124 1163 1193 remittit

359 1221 514 1295 Maxima,
530 1219 636 1285 nescio
651 1241 717 1303 quo
725 1220 800 1304 jure
815 1219 1027 1287 Tribunitio:

316 1320 473 1403 Quamvis
488 1320 521 1384 in
537 1318 653 1385 Sedem
667 1342 788 1385 sacram
802 1319 971 1385 commissa
982 1321 1126 1391 remitti

360 1421 431 1483 Aut
443 1442 541 1495 nuuc,
556 1429 614 1484 aut
627 1428 701 1503 post
715 1418 785 1484 haec
799 1418 914 1496 seculo,
929 1440 1028 1505 posse
1042 1435 1170 1513 negat.

317 1521 365 1583 At
379 1530 510 1603 peccata
524 1518 608 1583 idem
624 1517 810 1604 pretiosius
825 1519 914 1584 nulla
926 1520 1100 1589 remittit:

360 1616 424 1681 Sed
437 1617 509 1682 vult
522 1616 645 1681 divinos
659 1616 797 1682 vendere
811 1628 915 1683 sector
927 1640 1018 1703 opes.

315 1714 366 1781 Ut
381 1738 510 1800 promus
524 1715 644 1780 condus
654 1714 756 1781 divini
770 1715 875 1781 sactus
888 1716 1019 1795 ameris,

356 1814 533 1879 Distribuit
546 1814 642 1880 variis
657 1814 724 1881 fcta
737 1814 849 1880 futura
861 1814 949 1881 locis.

314 1913 454 2001 Egregie
469 1914 598 1979 meritos
613 1914 652 1979 de
670 1912 767 1981 Sacro
783 1914 865 1981 Sede
879 1914 1008 1981 locabat

359 2013 398 2077 In
415 2036 538 2078 summo
553 2013 624 2079 coeli
638 2013 777 2079 eulmine
791 2013 946 2080 stelliferi.

313 2114 439 2180 Deinde
455 2114 569 2178 Patres
583 2124 717 2190 veteres,
732 2124 771 2177 ut
785 2112 891 2189 Noen,
906 2124 1011 2199 utque
1027 2116 1294 2203 Abrahumum,

355 2213 524 2289 Davidem,
542 2212 667 2289 Mosen,
683 2212 833 2278 inferiore
846 2212 925 2278 loeo.

313 2312 394 2379 Post
408 2314 475 2390 bos,
491 2313 630 2378 infantes
644 2312 787 2378 nondum
800 2314 992 2399 baptismate
1006 2312 1111 2395 lotos,

356 2413 516 2498 Expertes
531 2434 631 2497 poenae
646 2411 761 2477 tertius
775 2412 861 2477 orbis
875 2411 981 2477 habet

313 2511 483 2597 Perpetuis
499 2522 632 2595 quartus
647 2511 804 2575 consumit
820 2511 952 2577 erimina
966 2514 1129 2594 nummis,

356 2610 401 2675 Et
416 2610 476 2674 nisi
492 2633 564 2694 quae
581 2634 643 2674 non
659 2622 735 2674 eunt
749 2610 824 2695 igne
838 2610 982 2687 levanda,
998 2610 1100 2678 levat.

314 2709 467 2786 Ultimus,
483 2709 643 2775 horribilis
658 2710 860 2794 serpentibus
874 2720 972 2793 atque
987 2714 1153 2793 tenebris,

355 2808 417 2872 Est
427 2809 521 2873 datus
537 2807 692 2872 haereticis
707 2808 967 2892 daemonibusque
982 2808 1086 2877 loeus.

313 2906 376 2993 Spe
391 2930 522 2971 summac
540 2906 631 2973 Sedis
642 2930 740 2971 vanos
755 2907 914 2972 mulcebat
927 2907 1057 2986 amicos,

357 3007 472 3091 Atque
487 3007 593 3072 hostes
608 3006 672 3072 imo
687 3006 802 3071 terruit
816 3009 892 3071 orbe
907 3007 1002 3072 leves.

311 3106 449 3182 Profuit,
466 3117 499 3171 et
514 3106 640 3193 prodest
657 3128 743 3169 nunc
759 3105 969 3191 l‘urgatorius
984 3105 1070 3191 ignis

353 3204 504 3271 Pontifici
520 3204 668 3280 multum,
684 3203 898 3287 sacrificioque
913 3203 987 3269 suis.

310 3306 374 3370 Sec.
401 3304 464 3370 Sed
479 3304 631 3369 Patribus
646 3326 744 3387 quare
760 3302 862 3368 visum
878 3313 927 3367 est
941 3302 1120 3389 puerisque
1135 3313 1283 3379 seorsim

354 3404 528 3489 Assignare
543 3404 660 3469 orbes?
706 3403 758 3466 Nil
775 3403 865 3467 venit
879 3403 952 3467 inde
967 3403 1056 3468 boni.

308 3503 368 3566 Pr.
395 3502 428 3565 N
430 3527 470 3567 on
487 3527 609 3567 summo
624 3502 681 3566 hos
697 3502 811 3566 Patres
825 3502 904 3566 eoelo
918 3524 1063 3586 posuere,
1079 3508 1177 3589 quod
1192 3510 1247 3577 illi

352 3601 403 3666 De
419 3602 508 3686 Papa
523 3601 635 3665 llomae
651 3600 697 3664 nil
713 3623 856 3665 meruere
871 3600 955 3666 boni.

308 3699 385 3764 Non
400 3701 464 3765 imo
479 3701 629 3784 sudoque
644 3700 714 3765 loco
729 3724 872 3785 posuere,
888 3701 974 3784 quod
989 3701 1037 3765 illi

351 3799 402 3864 Dc
418 3799 507 3885 Papa
521 3800 634 3864 Romae
649 3799 695 3863 nil
710 3822 853 3864 meruere
868 3799 952 3864 mali.

306 3897 453 3963 Infantes
468 3899 565 3964 limbo
580 3909 695 3963 neutro
710 3921 853 3983 posuere,
870 3898 956 3983 quod
970 3898 1018 3962 illi

349 3997 409 4062 Nil
423 4010 555 4083 potuere
570 3997 656 4073 boni,
669 3998 715 4062 nil
730 4011 861 4083 potuere
876 3998 960 4063 mali.

308 4096 371 4163 Sed
386 4098 577 4181 simulatque
592 4097 712 4161 animas
727 4098 894 4163 decrerunt
908 4121 975 4163 esse
990 4097 1161 4181 animatas,

347 4197 534 4263 Debebatur
549 4197 594 4261 cis
608 4207 714 4261 certus
730 4198 762 4260 in
778 4200 854 4263 orbe
868 4199 966 4263 locus.

304 4295 453 4362 Necdum
468 4297 617 4362 credebat
632 4319 723 4383 reges
739 4299 815 4363 satis
830 4322 897 4364 esse
913 4300 1072 4375 subactos

347 4396 410 4460 Sed
426 4420 507 4461 nova
522 4408 626 4461 castra
640 4407 740 4482 parat,
756 4398 967 4482 militiamque
982 4420 1110 4465 novum.
1279 4412 1301 4474 2

305 4495 454 4561 infundit
469 4519 580 4582 regum
596 4496 690 4562 terris
705 4497 852 4562 examina
866 4499 1032 4573 Probum,

345 4596 511 4663 Mendicos
526 4622 639 4675 meroe,
656 4621 736 4682 quos
751 4599 849 4664 aleret
865 4598 1008 4686 populus.
