2656 5136
164 660 233 725 194
387 670 606 725 PRINCIPIA
626 672 678 725 ΕΤ
696 670 980 727 PROBLEMATA

596 973 705 1049 CAP.
723 974 773 1048 X.

162 1142 306 1215 Iterum
324 1139 371 1214 de
387 1138 522 1215 solidis
538 1149 577 1213 et
598 1164 720 1213 eorum
747 1137 1018 1237 superficiebus
1043 1136 1203 1213 methodo

404 1252 498 1340 ulia,
508 1276 586 1351 per
597 1276 737 1327 caueae
753 1252 969 1348 afficientes.

605 1412 770 1466 Lunna.

10 1540 58 1580 ur·
74 1541 104 1579 x·
162 1516 308 1591 Aenus
336 1514 526 1613 operando
551 1515 787 1590 uniformiter
812 1514 902 1590 dato
922 1524 1108 1612 tempore,
1123 1536 1204 1611 opus

12 1664 151 1709 mutarn„
163 1629 397 1724 designatum
425 1629 632 1725 perficiens,
650 1628 681 1702 si
709 1627 887 1725 temporis
916 1626 1019 1702 illius
1047 1628 1204 1725 partibus

1 1730 151 1839 “lmgffi
162 1743 345 1840 aliquibus
364 1742 513 1839 quidem
531 1755 717 1839 operetur,
734 1741 917 1839 aliquibus
934 1751 1064 1815 autem
1080 1752 1204 1815 cesset:

0 1872 257 1970 νἠωωοριιε
274 1854 375 1952 quod
397 1855 440 1928 fit
457 1853 506 1928 nd
530 1877 625 1951 opus
649 1853 750 1952 quod
775 1854 999 1951 relinquitur
1022 1852 1203 1941 infectum,

164 1969 236 2042 erit
252 1982 295 2043 ut
311 1980 456 2065 tempus
472 1968 512 2041 in
538 1992 612 2065 quo
637 1979 814 2064 operatur
835 1966 884 2040 nd
910 1978 1063 2064 tempus
1088 1968 1203 2064 inquo

164 2093 295 2156 cessat.
346 2080 516 2178 Exempli
533 2103 666 2154 musa:
698 2080 731 2153 si
757 2102 848 2176 ager
872 2078 983 2154 dutus
1000 2080 1204 2155 continuate

164 2195 380 2291 operatione
394 2206 521 2267 aretur
536 2205 638 2268 totus
654 2191 797 2267 triduor
816 2191 951 2266 deiude
964 2192 998 2267 si
1009 2192 1125 2268 biduo
1137 2206 1203 2267 tan·

164 2321 245 2381 tum
267 2318 405 2396 aretur,
423 2306 483 2380 die
499 2329 575 2379 uno
592 2316 777 2379 cesseturr
802 2304 842 2379 id
858 2303 959 2402 quod
976 2304 1050 2381 erit
1071 2316 1203 2381 aratum

165 2420 270 2494 adid
287 2419 386 2516 quod
403 2418 624 2514 relinquitur
646 2418 844 2504 iuaratum,
862 2419 935 2491 erit
957 2429 1002 2492 ut
1018 2427 1043 2493 2
1061 2419 1110 2493 ad
1132 2428 1203 2508 l,et

166 2532 267 2630 quod
284 2532 465 2605 arandum
483 2524 749 2628 designabatur
760 2532 832 2605 erit
847 2531 895 2604 ad
912 2544 1062 2607 aratum
1079 2546 1120 2606 ut
1134 2529 1203 2606 3od

165 2657 202 2735 2,
220 2644 324 2719 etad
353 2645 538 2718 inaratam
561 2656 604 2718 ut
621 2652 645 2716 3
663 2642 711 2717 ad
733 2654 764 2718 l.
828 2644 1019 2734 Similiter,
1039 2658 1202 2744 quantum

166 2759 343 2833 continua
369 2770 407 2831 et
426 2758 602 2832 uniformi
631 2781 745 2854 opera
771 2781 885 2855 agens
911 2759 1028 2832 efficit
1054 2773 1202 2858 tempore

166 2895 400 2967 quocunque,
431 2871 652 2944 tantundem
683 2871 795 2944 efficit
822 2893 936 2967 opera
966 2872 1079 2947 simili
1105 2894 1202 2971 agent

167 2984 332 3080 duplum,
349 2983 380 3058 si
398 2984 551 3058 dimidio
569 2983 736 3081 ejusdem
762 2984 942 3080 temporis
959 2998 1146 3081 operetur,
1162 2983 1201 3058 di·

166 3097 282 3172 midio
302 3108 430 3172 oesset.

217 3212 412 3299 Praeterea,
430 3222 610 3306 quantum
627 3210 770 3305 agentis
792 3211 891 3284 inter
908 3212 1137 3308 operandum
1151 3232 1200 3309 pe

165 3325 227 3414 rit,
245 3324 464 3398 tantundem
481 3323 706 3397 censendum
725 3335 781 3397 est
799 3325 948 3399 cessari.
1000 3326 1127 3425 Atque
1136 3327 1200 3401 hae

166 3437 304 3511 lumine
321 3437 481 3511 naturali
500 3436 696 3509 manifesta
718 3447 816 3510 sunt.

218 3572 246 3623 1.
273 3550 441 3648 Cylindri
461 3550 553 3624 recti
571 3573 737 3623 convexa
754 3550 967 3647 superficies
991 3552 1142 3649 aequalis
1156 3558 1200 3623 est

168 3664 252 3737 coni
282 3666 373 3739 recti
391 3664 598 3761 superficiei
625 3662 797 3737 habentis
821 3663 978 3738 eandem
1002 3690 1090 3740 eum
1106 3664 1200 3765 cylin-

169 3776 238 3850 dro
254 3778 392 3865 basem,
410 3776 646 3850 altitudinem
664 3800 753 3850 vero
771 3777 934 3874 duplam.

220 3890 277 3962 Sit
294 3890 391 3962 enim
411 3889 600 3987 cylindrus
612 3890 689 3985 (fig.
703 3891 744 3984 x)
760 3891 893 3965 ABCD
912 3892 1033 3989 qualis
1044 3888 1202 3990 proponi·

167 4013 240 4090 tur,
260 4004 364 4098 eujus
381 4003 478 4075 basis
496 4014 553 4075 est
571 4002 633 4074 Bc
651 4002 822 4076 circulus.
855 4004 922 4077 Est
941 4017 1068 4079 autem
1087 4000 1201 4078 ABCD

168 4115 399 4214 quadratum.
443 4115 638 4188 Dividetur
656 4114 878 4211 quadratum
894 4116 1032 4192 ABCD
1048 4117 1203 4192 bifariam

169 4254 192 4302 a
215 4240 318 4301 reeta
336 4227 405 4301 GH
426 4228 602 4323 parallelo
617 4227 729 4300 lateri
747 4228 824 4316 AB,
843 4239 882 4301 et
898 4229 1129 4325 producatur
1144 4224 1203 4303 GH

167 4343 207 4415 in
222 4343 256 4415 K
273 4343 326 4414 ita
344 4353 385 4413 ut
403 4341 470 4414 GK
489 4341 602 4436 dupla
619 4342 667 4414 sit
685 4341 769 4414 GH.
807 4341 1024 4437 Jungantur
1042 4345 1123 4434 RK,
1136 4340 1205 4423 Kc,

168 4470 207 4529 et
225 4455 309 4544 BH,
328 4455 409 4528 CH.
463 4455 614 4528 Habent
646 4478 735 4550 ergo
767 4455 989 4550 quadratum
1020 4456 1153 4531 ABCD
1176 4464 1207 4527 et

168 4567 392 4664 triangulum
413 4568 513 4642 BKC
530 4567 686 4641 eandem
702 4568 851 4641 basem:
879 4567 946 4643 sed
962 4570 1080 4667 dupla
1095 4581 1149 4645 est
1163 4567 1209 4641 al·

168 4680 290 4756 titudo
316 4681 493 4778 trianguli
520 4680 622 4755 BKC
650 4678 857 4757 altitudinis
881 4683 1058 4781 quadrati
1074 4681 1209 4760 ABCD.
