2692 4792
180 237 247 303 160
406 248 623 301 narsetum
644 248 695 301 aa
715 246 996 302 PROBLEMATA

608 569 712 645 CAP.
735 572 785 645 ll.

572 734 634 808 De
654 733 825 808 Ratione.

2 910 72 951 css·
88 911 120 951 11.
176 908 205 960 1.
223 885 355 959 Remo
378 896 434 958 est
451 884 717 981 magnitudinis
739 885 788 958 ad
805 882 1106 981 magnitudinem
1128 884 1221 982 ejus

2 1044 23 1074 t:
40 1038 131 1082 na...
175 999 260 1072 dem
294 998 441 1095 generis
474 996 607 1071 relatio
642 998 845 1073 secundum
879 998 1148 1095 quantitatem:
1180 1009 1221 1072 ut

176 1111 351 1209 expositis
364 1110 506 1184 duabus
517 1110 834 1207 magnitudinibus
846 1120 869 1185 2
884 1122 923 1184 et
936 1114 971 1199 5,
984 1110 1085 1184 ratio
1097 1111 1222 1208 prima

177 1226 226 1299 ad
243 1223 442 1298 secundam
458 1234 516 1297 est
538 1223 669 1297 relatio
696 1222 913 1319 quantitatis
931 1232 954 1296 2
972 1222 1022 1296 ad
1047 1232 1085 1314 5,
1101 1223 1222 1313 idest,

177 1338 364 1435 quantitas
376 1336 676 1433 magnitudinis2
692 1346 872 1431 quatenus
883 1347 1127 1433 comparatur
1142 1361 1223 1411 oum

176 1450 433 1548 magnitudine
453 1459 487 1523 5.
539 1447 775 1545 Iuaequalitas
792 1449 891 1522 enim
904 1448 1066 1523 duarum
1084 1451 1224 1548 magui-

175 1565 346 1639 tudiuum
363 1564 482 1658 major
494 1562 552 1636 vel
569 1564 690 1635 minor
704 1585 783 1636 esse
797 1571 919 1658 potest
932 1586 1046 1660 quam
1064 1563 1224 1661 iuaequa·

175 1677 258 1752 lites
275 1677 434 1751 duorum
451 1675 607 1749 aliorum
624 1674 870 1770 inaqudium.

226 1812 273 1864 11.
291 1791 421 1886 Itaque
438 1789 485 1863 ad
503 1789 758 1887 exponendam
773 1788 957 1862 rationem
975 1791 1223 1865 necessarium

175 1914 231 1977 est
263 1913 306 1977 ut
340 1915 573 2000 exponantur
606 1901 687 1975 duae
720 1900 996 1998 magnitudines
1030 1902 1222 1993 absoluta,

176 2040 331 2113 quarum
365 2016 484 2113 prima
522 2014 757 2103 antecedens,
796 2013 960 2089 secunda
998 2038 1222 2115 consequens

174 2128 354 2225 appellari
371 2128 475 2201 solet.

227 2241 358 2339 Neque
375 2264 464 2338 ergo
486 2242 605 2316 ambae
631 2240 857 2339 quantitates
877 2240 998 2329 simul,
1021 2252 1066 2315 ut
1089 2251 1112 2316 2
1136 2254 1175 2317 et
1191 2251 1223 2331 5,

176 2378 298 2451 neque
323 2379 397 2428 uua
418 2354 507 2443 sola,
525 2365 568 2427 ut
591 2364 613 2428 2
638 2354 697 2427 vel
716 2361 751 2442 5,
772 2350 953 2449 neque-3,
974 2353 1121 2446 (errant
1138 2378 1224 2451 ergo

177 2467 387 2565 algebristae
397 2467 526 2556 nostri,
539 2467 602 2565 qui
615 2466 745 2540 dieunt
761 2464 983 2539 fractionem
993 2477 1032 2539 et
1042 2466 1224 2541 rationem

180 2580 337 2655 eandem
366 2602 445 2652 esse
468 2583 571 2672 rem),
590 2602 710 2675 neque
736 2577 946 2650 differentia
964 2576 1065 2651 inter
1089 2587 1112 2652 2
1136 2588 1176 2652 et
1191 2587 1224 2667 5,

177 2694 242 2769 sed
257 2693 442 2792 quantitas
454 2691 716 2789 inaequalitatis
734 2714 817 2786 quae
834 2701 892 2763 est
908 2690 1005 2763 inter
1015 2690 1110 2765 duas
1127 2714 1224 2788 mag·

176 2807 380 2896 nitudines,
393 2816 450 2880 est
463 2805 501 2878 id
515 2805 614 2902 quod
626 2817 780 2879 vocatur
790 2804 898 2878 ratio.
933 2804 1114 2879 Quamvis
1129 2806 1225 2880 enim

177 2932 258 2995 tum
275 2930 298 2995 3
314 2930 352 2994 et
374 2928 409 3011 2,
428 2930 509 2992 tum
525 2927 549 2991 9
568 2928 606 2992 et
624 2926 647 2992 8
668 2917 842 2990 differant
866 2917 1128 2993 tautummodo
1145 2919 1227 2993 uni·

177 3046 267 3124 tate,
285 3056 360 3107 uon
378 3031 507 3105 eadem
525 3046 650 3105 tamen
671 3041 728 3104 est
750 3053 877 3103 earum
894 3030 1138 3128 inequalitas.
1189 3030 1226 3106 Si

177 3159 303 3221 tamen
329 3158 406 3220 tres
430 3144 570 3218 fuerint
594 3142 881 3240 magnitudines,
908 3143 1075 3236 minima,
1093 3145 1227 3235 media,

177 3260 350 3348 maxima,
367 3261 463 3334 ratio
480 3258 642 3332 minimae
660 3257 709 3331 ad
727 3256 887 3330 mediam
904 3258 1023 3355 major
1039 3272 1098 3334 est
1115 3284 1227 3358 quam

177 3373 274 3446 ratio
302 3372 466 3470 ejusdem
493 3371 542 3444 ad
572 3371 781 3444 maximam.
834 3370 975 3444 Contra
1000 3395 1103 3458 vero,
1131 3374 1228 3449 ratio

178 3485 348 3559 maximae
367 3485 415 3558 ad
432 3484 592 3558 mediam
610 3485 730 3557 minor
748 3496 804 3558 est
820 3507 931 3582 quam
948 3485 1044 3560 ratio
1062 3487 1229 3583 ejusdem

177 3597 227 3671 ad
244 3598 444 3671 minimam.
497 3597 712 3671 Diceremus
730 3597 829 3670 enim
845 3598 1030 3673 Teucrum
1048 3601 1230 3697 majorem

178 3710 290 3784 fuisse
306 3722 561 3808 comparatum
574 3710 623 3784 ad
637 3711 807 3808 Ulyssem
820 3734 931 3807 quam
949 3710 997 3785 ad
1010 3712 1181 3810 Ajacem,
1194 3726 1233 3790 et

179 3824 333 3920 Ajacem
360 3824 539 3897 minorem
565 3823 677 3897 fuisse
702 3833 958 3920 comparatum
985 3848 1072 3899 cum
1096 3827 1232 3926 Ulysse

178 3962 287 4034 quam
309 3961 394 4010 aum
410 3937 566 4010 Teucro.
619 3937 732 4033 Cujus
749 3938 803 4011 rei
819 3962 932 4012 causa
947 3938 1147 4016 manifesta
1163 3953 1232 4016 est.

180 4050 279 4125 Nam
296 4060 434 4147 quanto
451 4050 668 4146 magnitudo
688 4049 810 4124 minor
832 4051 984 4148 propius
1011 4054 1160 4130 accedit
1184 4055 1234 4130 ad

180 4164 472 4261 magnitudinem
489 4165 680 4261 majorem,
693 4175 799 4239 tauto
817 4165 930 4239 habet
942 4164 992 4239 ad
1004 4165 1107 4242 illam
1119 4169 1232 4245 ratio·
