2656 5136
240 654 289 722 84
405 668 629 725 noorarrru
647 668 924 723 wauursmsu
942 668 998 721 un
1017 666 1140 721 moro

29 861 227 903 maxaera.
240 836 400 934 pretium
417 837 624 911 existimavi
640 860 771 911 cavere
786 860 835 911 ne
848 838 1076 913 haberentur
1087 858 1159 934 pro
1169 834 1276 933 philo

54 930 197 967 ψ
240 950 372 1046 sophia
388 950 615 1049 Anglirona.
652 952 779 1025 Partes
791 950 1158 1027 doctrinaedeMotrr
1168 948 1277 1023 adhue

241 1073 384 1136 restant
401 1063 494 1153 duae,
511 1088 595 1161 quae
619 1063 795 1139 dicuutur
818 1065 888 1139 sub
904 1063 1020 1162 praelo
1045 1086 1141 1137 esse.
1191 1062 1276 1153 Illas,

241 1188 437 1272 autequam
463 1176 502 1249 iu
527 1177 647 1250 lucem
672 1176 869 1274 prodeant,
885 1178 959 1251 nisi
974 1176 1138 1273 desipiat
1155 1175 1277 1249 iterun

241 1290 473 1386 ponderabit.
515 1289 651 1365 Nescio
668 1304 807 1381 tamen,
825 1290 1063 1388 quantumvis
1079 1313 1126 1363 ea
1142 1289 1275 1377 revisat,

242 1427 289 1475 an
317 1404 513 1477 emendare
538 1406 643 1494 sciat,
666 1405 779 1478 homo
804 1404 997 1477 nominum
1016 1402 1153 1499 quibus
1173 1401 1276 1475 utitur

242 1519 319 1614 ipse
337 1542 412 1591 nou
429 1518 653 1615 intelligens,
664 1530 708 1592 ut
724 1518 789 1615 qui
804 1518 963 1614 scripsit,
980 1517 1020 1590 in
1037 1514 1207 1589 Elenclo
1221 1538 1275 1589 suo

241 1631 452 1727 geometriae
467 1630 686 1721 Hodbr'onoe,
700 1632 916 1705 rationem2
927 1629 976 1703 ad
991 1638 1003 1703 1
1023 1652 1108 1703 esse
1121 1628 1274 1725 duplam

242 1754 265 1817 3
284 1744 332 1816 ad
354 1753 385 1833 l,
404 1742 571 1839 triplam;
597 1752 620 1816 4
644 1743 693 1817 ad
717 1753 749 1833 l,
766 1742 1022 1841 quadruplam.
1075 1742 1194 1818 Quasi
1213 1764 1275 1815 uua

242 1855 321 1929 sola
338 1857 433 1930 ratio
450 1866 577 1952 posset
592 1880 673 1930 esse
690 1855 804 1952 dupla
814 1855 874 1929 vel
889 1854 1003 1952 tripla
1018 1866 1106 1946 etc,
1119 1855 1179 1929 rel
1193 1852 1274 1929 ratio

242 1980 263 2042 4
284 1970 332 2044 ad
350 1979 373 2043 3
391 1979 515 2066 posset
532 1992 613 2043 esse
630 1980 674 2043 ut
685 1968 892 2066 quadrupla
908 1968 957 2042 ad
973 1968 1127 2065 triplam
1143 1968 1274 2067 quanti·
1318 1962 1320 1967 ’

241 2095 369 2173 tatem,
387 2096 426 2155 et
442 2083 559 2155 multa
574 2082 648 2157 alia
663 2106 740 2156 non
757 2083 880 2155 minus
896 2083 954 2156 his
969 2082 1134 2157 absurdo
1149 2096 1189 2157 et
1198 2104 1274 2181 puc-

241 2197 334 2269 rilia.
379 2196 460 2269 Nec
477 2195 611 2267 mirum
629 2205 699 2269 est.
739 2194 837 2269 Nam
855 2194 955 2268 circa
970 2207 1121 2292 tempus
1137 2218 1210 2293 quo
1225 2192 1274 2267 ille

241 2309 405 2383 Euclidis
422 2308 615 2382 Elementa
631 2332 695 2382 sex
712 2308 838 2405 priora
854 2308 1069 2382 adolescens
1087 2308 1275 2405 percurris-

242 2435 309 2510 set,
345 2423 530 2494 invaserat
558 2424 800 2517 geometriam
834 2422 1079 2496 arithmeticae
1113 2446 1199 2520 pars
1224 2420 1275 2495 illa

243 2559 354 2631 quam
366 2547 502 2607 vocant
518 2537 739 2631 speciosam,
752 2535 894 2608 nullum
912 2559 986 2608 uon
1000 2536 1193 2631 problema
1203 2559 1275 2632 pro-

242 2649 394 2721 mittens
419 2648 572 2721 solvere.
624 2648 738 2744 Cujus
764 2650 942 2722 facilitate
964 2651 1144 2745 juventus
1169 2662 1274 2745 capa,

240 2760 495 2857 festinansque
508 2761 556 2833 ad
572 2763 741 2857 gloriam,
755 2764 812 2835 vel
823 2762 871 2835 ad
889 2762 1131 2836 scientiarum
1148 2764 1274 2836 mathe-

241 2875 459 2947 maticarum
473 2874 679 2963 cathedras,
697 2876 831 2967 (facilis
846 2876 944 2948 enim
958 2875 1052 2948 adeo
1067 2889 1138 2966 est,
1149 2889 1191 2950 ut
1207 2875 1275 2973 qui·

240 2987 332 3060 libet
348 3012 440 3083 puer
457 2991 672 3063 mercatoris
690 2990 872 3063 theoriam
889 2991 968 3085 ejus
984 2989 1197 3085 perdiscere
1212 3012 1275 3063 uuo

240 3100 301 3173 die
319 3102 467 3197 possit),
487 3102 616 3176 relicta
636 3105 673 3177 in
695 3102 984 3177 demonstrando
1005 3104 1183 3178 methodo
1199 3126 1275 3201 geo

239 3228 455 3304 metrorum,
476 3217 573 3311 (queo
590 3217 789 3312 aliquando
806 3216 918 3311 longa
935 3232 1004 3305 est,
1022 3229 1061 3291 et
1079 3216 1277 3291 vehementi

238 3329 353 3402 animi
367 3330 574 3403 intensione
585 3331 786 3425 indigens),
797 3331 962 3403 contenti
980 3331 1111 3418 titulis,
1121 3344 1277 3407 veterum

239 3442 573 3516 demonstrationes
612 3444 710 3539 ipsas
750 3467 826 3515 non
863 3443 1047 3540 legerunt.
1099 3444 1165 3519 Ad
1197 3466 1277 3540 quas

239 3567 363 3628 autem
397 3556 667 3651 propositiones
707 3579 880 3629 numeros
922 3579 1007 3629 suos
1050 3557 1278 3654 applicabiles

234 3667 467 3764 judicabant,
502 3693 565 3743 eas
600 3681 738 3742 temere
772 3682 810 3742 et
844 3670 1061 3765 plerumque
1095 3671 1190 3745 falso
1221 3692 1278 3767 per

238 3804 412 3855 numeros
430 3780 744 3869 demonstrabant,
766 3781 903 3854 nullam
928 3785 1082 3857 omniuo
1106 3787 1161 3859 rei
1179 3806 1279 3881 quam

239 3897 451 3968 tractabant
473 3896 650 3969 habentes
668 3896 706 3968 in
730 3896 852 3968 animo
870 3896 1004 3968 ideam.
1057 3897 1157 3972 Nolo
1177 3899 1279 3996 igitur

239 4007 330 4079 mihi
347 4008 514 4082 authoris
530 4009 650 4103 hujus,
665 4022 729 4082 aut
745 4022 945 4105 geometrae
959 4009 1152 4108 algcbrr'ci
1168 4014 1279 4110 cujus-

240 4144 397 4216 cunque,
413 4144 506 4217 opus
517 4124 554 4195 in
565 4136 754 4219 posterum
766 4124 996 4196 transmittas
1006 4128 1278 4221 geometricum.

239 4233 342 4306 Vale.

601 4434 929 4487 POSTSCRIPTUM.

239 4561 419 4634 Scurrra
451 4584 520 4634 nec
552 4562 641 4636 dum
670 4564 783 4637 missa
812 4587 968 4637 censura
997 4565 1132 4661 primae
1163 4567 1280 4665 partis,

236 4676 362 4771 accepi
376 4698 400 4747 a
414 4685 451 4745 te
463 4687 608 4772 partem
623 4677 834 4767 secundam,
848 4678 901 4751 ita
912 4678 1110 4755 obscuram
1126 4695 1172 4757 ut
1188 4680 1281 4757 nullo
