2692 4792
123 269 201 344 xliv

157 446 230 497 illum
238 445 388 498 omninibus
396 453 423 498 et
432 446 527 497 musica
532 445 622 509 colere,
626 446 712 497 lauda-

159 512 217 563 bile.
228 511 265 560 iii.
276 519 332 563 262.
344 512 370 562 li.
382 519 439 563 ³4⁴.

159 576 225 626 ratio
235 577 312 627 dietat
323 593 379 626 eum
387 576 469 627 colere
478 576 602 653 praecipue
612 575 639 626 in
650 576 713 642 pub·

160 641 210 691 lieo
220 656 303 691 eoram
314 641 461 693 hominibus.
472 641 509 692 iti.
520 648 575 692 262.
586 641 612 691 ii.
624 647 681 691 344.

161 705 387 821 tilit‘ilttt'
407 706 659 821 ,liiimrlilim
670 706 715 819 ¹¹23

162 786 716 901 maronmnnmnmrqmnls

161 901 259 949 nonita
273 901 304 950 ab
320 900 420 950 bomine
436 900 564 962 amandus,
580 908 609 951 ut
625 901 657 950 ab
671 900 715 949 bo·

163 964 230 1013 mine
241 965 322 1015 homo.
333 965 360 1015 ii.
374 970 427 1014 119.

163 1029 241 1079 multa
252 1038 310 1080 suut
320 1029 346 1078 in
356 1030 432 1079 verbo
439 1029 489 1079 Dei
499 1029 620 1079 rationem
628 1029 714 1078 buma-

163 1109 221 1142 nam
232 1093 381 1170 superantia,
392 1102 479 1144 contra
489 1101 582 1144 rectam
593 1094 716 1144 rationem

163 1157 235 1208 nihil.
246 1159 282 1209 iis.
293 1158 413 1209 266ε-ίιι
432 1158 513 1208 locum
530 1158 637 1224 aliquem
651 1158 716 1207 diffi-

163 1222 275 1272 ciliorem
314 1226 393 1272 uoties
413 1223 581 1284 inciderimus,
600 1222 662 1288 quid
680 1223 716 1272 fa·

163 1287 285 1337 ciendum.
296 1240 356 1338 ibid.

163 1351 299 1417 alloquitur
314 1352 426 1402 bomines
445 1352 552 1403 mediate
570 1360 613 1403 sut
630 1352 717 1403 imme·

164 1416 238 1467 disto.
249 1416 285 1467 iii
295 1424 343 1468 266
352 1438 358 1467 :
409 1433 442 1466 uo
452 1417 525 1467 modo
534 1417 660 1467 bominem
670 1417 717 1466 im·

164 1482 279 1541 mediate,
294 1491 323 1532 ut
340 1483 372 1532 ab
415 1481 439 1531 io
456 1482 612 1546 intelligatur
628 1482 650 1532 si
668 1498 718 1531 non

163 1546 323 1612 impossibile,
340 1555 406 1596 certe
417 1546 596 1597 difficillimum.
612 1546 718 1597 ibid.:—

165 1611 187 1661 si
198 1611 254 1676 quis
265 1612 305 1661 cui
316 1611 394 1661 debeo
402 1610 510 1672 obedire,
519 1612 601 1660 Deum
613 1611 660 1661 sibi
671 1612 718 1660 im·

165 1676 273 1727 mediate
300 1676 410 1726 locutum
439 1692 493 1725 esse
525 1675 588 1724 mibi
617 1675 718 1736 diceret,

165 1748 252 1791 teneor
264 1757 345 1806 neque
358 1741 432 1790 verbo
449 1756 480 1790 ue
498 1757 529 1790 us
546 1740 612 1791 iacto
623 1740 718 1791 dissen-

166 1821 221 1855 snm
232 1821 315 1856 meum
326 1806 471 1872 patefacere,
482 1804 491 1854 i
509 1804 541 1855 id.

165 1870 257 1935 quibus
270 1870 367 1920 locutus
377 1870 404 1919 iu
416 1869 558 1982 seripturis,
568 1868 600 1919 iis
611 1884 662 1919 uon
671 1869 719 1919 im-

165 1935 272 1985 mediate
288 1935 332 1985 sed
350 1952 395 2001 per
411 1951 474 2001 prop
492 1942 544 1985 etas
561 1934 658 1984 locutus
674 1943 719 1986 est.

165 1999 201 2050 iii
213 2006 269 2051 266.

184 2064 210 2113 ui
222 2066 303 2114 Deum
314 2065 340 2114 in
352 2064 447 2113 somnio
458 2063 489 2112 ad
505 2079 532 2113 se
542 2063 653 2113 locutum
665 2080 719 2114 esse

185 2129 322 2188 'eitDeum
333 2130 364 2178 ad
371 2146 398 2179 se
405 2129 516 2178 locutum
524 2144 577 2178 esse
586 2129 720 2178 somniasse

166 2210 194 2243 ae
210 2194 277 2244 dicit.
295 2194 330 2244 iii.
341 2201 389 2244 266
398 2192 481 2258 :-qui
498 2209 513 2242 a
529 2194 584 2242 Deo
600 2192 720 2243 visionem

166 2258 258 2308 vidisse
269 2267 311 2308 aut
322 2274 406 2307 vocem
418 2258 515 2307 audisse
532 2274 558 2307 sc
569 2257 637 2316 dicit,
655 2274 720 2307 som·

166 2322 248 2372 niasae
259 2323 380 2372 credetur.
391 2322 427 2372 iii.
439 2327 485 2373 267
492 2322 575 2386 :-qui
583 2322 719 2372 doctrinam

167 2387 275 2452 aliquam
296 2404 384 2436 novam
405 2389 490 2436 aDeo
511 2387 656 2463 inspiratam
673 2388 721 2437 sibi

168 2468 222 2501 esse
244 2452 312 2512 dicit,
328 2452 423 2515 ingenii
439 2452 478 2501 sui
500 2451 661 2501 admimtione
682 2452 721 2501 in-

168 2517 251 2566 sanire
261 2517 421 2579 intelligetur.
432 2516 493 2566 ibid.

169 2582 301 2646 aliquando
323 2580 468 2631 miraculum
490 2580 545 2631 lieri
566 2580 674 2658 patitur,
693 2589 722 2632 ut

168 2647 331 2696 constantiam
342 2646 427 2712 populi
438 2647 476 2696 sui
488 2655 658 2712 experimento
666 2654 721 2697 ten-

168 2719 214 2762 tet.
225 2712 260 2762 iii.
272 2718 327 2763 268.

169 2777 207 2826 illi
223 2794 238 2826 a
253 2776 349 2827 civibus
365 2776 506 2842 praestanda
516 2783 555 2825 est
574 2775 721 2836 obedientia,

168 2842 288 2907 quicquid
303 2842 330 2890 in
346 2841 496 2891 contrarium
509 2841 597 2906 jubeat
615 2856 661 2890 rex
672 2849 721 2890 ter-

168 2922 250 2955 renus.
261 2906 296 2956 iii.
308 2912 363 2957 270.

168 2972 268 3036 quando
279 2979 304 3022 et
315 2971 375 3036 quid
390 2970 486 3020 locutus
497 2970 537 3030 sit,
548 2970 579 3019 ab
589 2969 621 3019 iis
633 2970 722 3035 quibus

169 3037 238 3085 nullu
247 3036 304 3086 data
315 3044 353 3086 est
367 3035 484 3085 revelatio
501 3035 560 3084 sciri
576 3051 626 3083 non
640 3044 722 3100 potest

169 3101 218 3151 nisi
230 3118 274 3166 per
284 3101 405 3151 rationem
417 3099 559 3150 naturalem.
571 3099 606 3149 iii.
618 3105 673 3150 270.

170 3168 224 3243 ejus
236 3175 324 3216 uutrrra
337 3164 600 3231 incomprehensibilis.
617 3164 653 3214 iii.
666 3171 721 3215 282.

170 3247 193 3279 er
205 3231 304 3280 nomina
315 3230 478 3289 attribuenda,
489 3246 538 3278 non
553 3228 584 3278 ud
601 3238 722 3291 naturam,

169 3296 213 3344 aod
225 3296 256 3344 ad
273 3296 391 3345 honorem
403 3311 476 3360 quom
493 3294 531 3343 illi
549 3293 667 3343 exhibere
678 3294 721 3344 de·

168 3360 264 3420 bemus,
285 3360 453 3424 congruentia
474 3358 611 3409 ibim-in
631 3359 722 3410 (lirinis

169 3425 302 3484 attributis,
319 3424 500 3490 respiciendum
511 3433 549 3473 est
559 3439 608 3472 non
620 3424 651 3473 ad
662 3424 722 3473 defi-

169 3489 276 3538 nitiones
287 3490 469 3548 vocabulorum,
485 3488 529 3538 aed
545 3487 576 3537 ad
588 3504 661 3564 quam
672 3489 723 3557 aig-

169 3554 272 3603 niticant
283 3554 384 3603 honoris
393 3554 564 3604 intentionem.
575 3553 611 3602 iis.
624 3559 679 3604 261.

169 3618 237 3668 illius
257 3628 436 3684 praeceptorum
454 3619 564 3669 omnium
581 3614 719 3682 antiquissi-

169 3700 246 3744 mum,
257 3688 284 3732 de
295 3687 353 3746 liquo
368 3687 464 3731 seknts'ae
471 3687 522 3731 boni
531 3692 553 3731 et
562 3686 617 3730 muli
627 3702 655 3730 ne
664 3701 723 3731 sora-

170 3753 231 3800 edas.
249 3749 274 3798 ii.
287 3755 333 3798 285
344 3749 434 3824 :--ejus
451 3748 532 3814 prima
550 3763 606 3796 cum
623 3747 723 3797 homino

170 3814 344 3878 expostulatio,
356 3813 416 3877 qmd
428 3813 486 3862 vult.
496 3812 522 3862 ii.
534 3818 589 3863 286.

169 3888 208 3928 est
228 3879 323 3944 primus
340 3877 450 3926 omnium
472 3886 559 3927 motor.
581 3877 608 3926 ii.
630 3883 723 3928 298:—

169 3944 271 3993 elieetus
286 3942 400 4009 producit
415 3942 539 3992 naturales
555 3942 722 4008 perordinem

169 4024 298 4057 causarum
310 4007 479 4057 secundarum.
489 4007 551 4056 ibid.

170 4073 201 4121 de
212 4073 286 4123 atheo
297 4073 357 4138 quid
368 4071 436 4122 dicit.
447 4072 473 4121 ii
485 4078 540 4129 326,
552 4088 577 4122 n.

168 4139 244 4185 Deam
261 4137 423 4198 oneratione
441 4136 548 4186 naturali
558 4136 617 4187 sciri
633 4144 722 4202 potest.

168 4200 721 4267 ii.326,n.-idquomodoaceipiendum.ibid.

168 4267 336 4384 ejup3perbum
351 4266 467 4317 sensibile
478 4267 510 4317 ad
520 4282 612 4333 paucos
622 4266 721 4319 butum

645 291 798 345 INDEX.

762 461 809 512 per
818 443 996 497 revelationem
1005 444 1153 498 hominibus
1161 462 1210 497 nou
1219 446 1295 497 locutu

763 518 808 570 est.
824 510 875 561 uisi
891 510 988 562 viritim
1004 518 1034 563 et
1051 510 1159 563 dirersis
1174 512 1297 565 dimsaii.

764 647 919 719 peecatorem
934 640 985 691 atsi
1000 640 1093 707 puniat
1111 641 1157 708 qui
1172 650 1299 708 parumn,

762 714 830 772 juata
844 714 929 783 tamcp
939 705 1053 783 affligere
1069 706 1194 773 potuisset
1208 708 1249 758 stu'
1260 722 1298 756 nm

765 778 898 847 peccaset.
907 786 934 821 ιι.
945 776 1003 822 634.
1013 786 1052 821 ιιι.
1062 777 1123 822 266.

765 834 803 884 ulli
812 835 963 912 praestando
970 835 1250 902 obadiantinobligatiu
1257 851 1300 902 pu·

766 900 833 950 cedit
842 900 874 949 sb
884 899 1059 951 imbecillitate
1069 900 1188 951 bumana.
1197 901 1222 951 ii.
1229 907 1276 952 tlt

766 964 820 1014 e'us
840 965 952 1025 verbum,
979 981 1027 1030 per
1053 974 1172 1016 naturam
1191 965 1302 1031 munds,

768 1028 903 1145 u'ud7nou
919 1038 960 1081 eat
976 1038 1072 1096 preter
1084 1039 1182 1081 rectam
1198 1030 1302 1081 ratim

766 1109 793 1143 ιι.
804 1100 835 1143 36
852 1131 860 1145 .

766 1162 891 1219 amana,
906 1158 1018 1225 primum
1032 1160 1090 1227 ejus
1104 1158 1304 1212 attributumi.

767 1290 819 1337 deos
829 1290 869 1351 qai
878 1297 952 1351 rogat,
961 1292 1078 1354 illesas&
1087 1288 1117 1340 ii.
1128 1294 1187 1341 843.

768 1353 822 1417 ejus
843 1351 957 1403 voluntas
979 1369 1031 1404 uon
1053 1352 1218 1421 intelligenda
1236 1352 1305 1405 tinu'b

768 1425 866 1467 nosmoe.
877 1417 904 1467 ii.
915 1424 973 1468 342.
982 1418 1020 1470 iii.
1032 1424 1091 1471 260.

768 1496 845 1530 unum
862 1482 990 1533 relationis
1009 1483 1045 1533 ad
1061 1499 1110 1534 nos
1127 1500 1225 1544 nomen,
1236 1497 1304 1548 ussup

768 1548 840 1596 Deus.
850 1545 876 1596 ii.
887 1553 934 1597 342
941 1563 1031 1613 :-quo
1041 1548 1189 1600 continetur
1197 1566 1243 1610 m,
1250 1550 1304 1597 dani·

768 1620 901 1674 sarmata.
912 1611 974 1662 ibid.

769 1675 836 1741 quid,
845 1676 932 1742 inejus
939 1679 1146 1743 regnonaturali,
1152 1678 1186 1729 sit

768 1740 829 1805 quid
845 1741 940 1792 crimen
954 1741 1177 1810 msc-majestatis
1210 1741 1304 1793 ‘risui

769 1873 1158 1988 sirmundum
1169 1874 1306 1929 ”ff

769 1999 895 2049 civitatem
911 2016 991 2066 posse,
1009 2001 1038 2051 in
1058 2004 1109 2052 Dei
1126 1999 1306 2069 regnomtmll

769 2064 863 2114 cultum
881 2064 1014 2116 instituere
1033 2067 1141 2118 arbitrio
1159 2085 1211 2119 auo.
1225 2067 1248 2117 ii.
1261 2071 1305 2116 ³⁴5:

769 2145 855 2195 -qura
866 2128 987 2180 doctrinae
1003 2130 1037 2181 de
1051 2133 1109 2197 ejus
1118 2142 1208 2183 natura
1216 2129 1307 2183 meu&

769 2194 949 2309 iapiprodtppdae
959 2195 1308 2315 wnissfflmfflffl

824 2279 842 2308 .:
1088 2278 1104 2311 r

770 2322 852 2399 legum
864 2275 1160 2392 omnliisniiteriemtsm
1175 2343 1229 2378 esse
1242 2325 1309 2376 cirita·

771 2396 828 2437 tem.
838 2389 864 2438 ri.
875 2394 931 2439 346.

771 2452 860 2502 modus
870 2469 927 2502 cum
939 2454 1088 2515 honorandi,
1100 2464 1161 2507 ante
1171 2457 1309 2507 constitutam

771 2517 903 2577 civitatem,
913 2519 944 2568 ab
953 2520 1028 2569 unius
1039 2522 1164 2587 cujusque
1174 2522 1264 2573 ratium
1272 2520 1310 2586 pti·

773 2591 828 2632 rata
837 2583 959 2648 petendus
970 2593 1031 2634 erut.
1043 2585 1069 2635 ii
1080 2592 1173 2638 046-7.

773 2647 877 2707 sicires,
889 2647 916 2697 in
926 2664 956 2698 eo
967 2649 1080 2710 colendo,
1097 2651 1193 2716 singuli
1207 2650 1312 2727 propriu

773 2711 894 2827 ultre
905 2716 1312 2832 tristitiem

773 2842 886 2891 absurdae
906 2842 1037 2908 opiniones
1058 2845 1091 2894 de
1113 2849 1169 2911 ejus
1190 2851 1312 2905 natmaet

773 2907 919 2957 ceremoniae
939 2924 1027 2958 omnes
1049 2909 1166 2960 ridiculus
1187 2926 1242 2976 qua
1261 2910 1312 2975 apud

773 2971 836 3021 ullas
855 2981 944 3036 gentes
963 2973 1080 3033 extitere,
1100 2976 1129 3025 in
1151 2975 1238 3026 Mem
1256 2971 1313 3025 sind

772 3036 871 3087 ciuitate
881 3038 1093 3104 conspicerentur.
1102 3040 1165 3091 ibid.

773 3102 849 3159 Deus,
860 3117 969 3166 regnans
978 3119 1026 3169 per
1036 3114 1155 3155 naturam
1165 3105 1250 3163 solam,
1259 3104 1314 3170 quit·

773 3166 833 3231 qrrid
852 3166 965 3232 imperat,
985 3183 1031 3232 per
1047 3185 1137 3219 vocem
1158 3171 1263 3221 civitatis
1280 3170 1315 3218 in·

773 3239 850 3296 perat.
861 3230 887 3281 ii.
899 3236 1020 3282 dtsz-et
1047 3233 1155 3311 nicquid
1171 3236 1205 3285 ab
1214 3252 1243 3285 ea
1251 3237 1315 3299 impe

773 3304 843 3411 rptpr
852 3295 919 3346 eirca
928 3297 1023 3347 cultum
1074 3299 1318 3366 imperaturam

772 3377 781 3410 ι
799 3377 810 3409 ι

774 3425 940 3476 dubitationes
946 3426 1062 3492 quasdam
1072 3427 1107 3478 de
1115 3429 1258 3480 obedientia
1265 3429 1316 3479 eim

775 3491 825 3540 Dei
845 3490 940 3540 cultum
957 3491 1054 3542 civiuti
1072 3493 1170 3555 debita,
1185 3492 1316 3546 mblnad

775 3619 797 3669 si
816 3619 902 3670 civitas
919 3620 953 3670 im
985 3628 1026 3670 ret
1038 3638 1098 3672 eum
1114 3625 1265 3675 contumelia
1276 3621 1317 3674 ali·

773 3701 838 3743 cere,
849 3684 888 3735 vel
903 3701 950 3762 pro
968 3686 1036 3736 ibsat
1051 3687 1146 3750 colere,
1156 3690 1316 3742 nmobediu·

774 3749 834 3799 dum
845 3758 891 3800 est.
901 3750 927 3800 ri.
939 3757 995 3801 646.

774 3814 893 3864 bonorem
910 3814 949 3863 illi
967 3815 1082 3867 debitum
1094 3819 1139 3884 Jua
1149 3819 1317 3885 mdeste

773 3879 899 3929 civitatem
920 3880 1092 3942 coustiurtam,
1106 3882 1198 3934 babuit
1215 3880 1315 3935 matt

774 4009 893 4059 aiciritaa
910 4008 1019 4086 imperet
1038 4011 1123 4063 colere
1141 4030 1199 4063 eum
1216 4012 1317 4063 subira-

773 4074 839 4139 gine,
849 4089 933 4123 coram
948 4074 982 4125 sis
995 4076 1041 4141 qui
1057 4076 1084 4127 id
1096 4078 1153 4127 fleri
1169 4078 1315 4128 honorificum

773 4154 827 4189 esse
854 4146 950 4204 putant,
976 4140 1146 4192 obediendum
1166 4153 1214 4194 est.
1231 4142 1256 4193 ii.
1271 4145 1315 4193 ³48·

773 4210 828 4262 356,
837 4204 951 4254 n.:—ral
965 4204 990 4255 ei
1001 4220 1094 4257 nomen
1111 4208 1253 4266 attribuere,
1262 4202 1315 4271 qnod

773 4284 824 4319 non
842 4267 1008 4334 intelligimus
1023 4271 1087 4337 quid
1105 4273 1236 4340 significat,
1245 4267 1314 4321 obedi·

773 4333 865 4383 eudum
886 4342 932 4385 est.
949 4334 977 4387 ii.
993 4337 1120 4389 dttz-ui
1139 4339 1197 4390 Deo
1214 4348 1314 4404 expresse
