2656 5136
221 1228 573 1317 TRACTATUS
630 1227 895 1314 OPTICUS.

460 1493 659 1506 -ῇ

460 1507 659 1519 -u——n

414 1694 703 1746 HYPOTHESES.

47 1845 65 1896 1.
90 1825 237 1897 Omnis
252 1822 350 1895 actio
368 1833 423 1895 est
436 1835 557 1895 motus
574 1821 700 1895 localis
717 1822 756 1893 in
773 1833 919 1916 agente,
938 1821 1033 1893 siout
1050 1831 1087 1892 et
1100 1836 1288 1879 mmmm

47 1937 155 2009 omnis
173 1935 298 2031 passio
315 1949 371 2008 est
387 1949 511 2008 motus
527 1935 656 2008 localis
678 1934 715 2006 in
734 1935 910 2030 patiente.
961 1931 1088 2030 Agen·
1128 1907 1272 1942 ’μ’

47 2050 88 2121 tis
103 2049 260 2122 nomine
278 2048 444 2144 intelligo
462 2071 610 2146 eorpus,
629 2049 734 2142 cnjus
752 2058 854 2120 motu
872 2046 1088 2143 producitur

47 2163 193 2236 effectus
221 2161 261 2233 in
283 2160 355 2233 alio
381 2184 560 2257 corpore;
580 2160 777 2258 patientis,
806 2161 942 2253 inquo
968 2172 1089 2233 motus

47 2275 170 2371 aliquis
189 2272 237 2346 ab
254 2272 327 2345 alio
345 2296 498 2369 corpore
510 2286 721 2369 generatur.
765 2273 933 2369 Exempli
949 2274 1088 2368 gratia:

47 2387 125 2460 [lum
140 2385 281 2473 alanna,
299 2399 343 2458 ut
360 2384 476 2472 aiunt,
493 2386 637 2458 clavum
651 2385 768 2480 pellit,
782 2399 905 2459 motus
919 2386 1089 2482 pellentis

47 2514 95 2574 est
119 2498 221 2574 actio
239 2499 330 2594 ejus,
349 2512 471 2572 motus
488 2498 584 2595 pulsi
608 2512 665 2572 est
690 2499 784 2594 pulsi
807 2500 940 2594 passio.
994 2500 1090 2573 Item

47 2613 128 2687 dnm
152 2612 267 2686 carbo
294 2611 431 2707 ignitus
459 2611 629 2685 calefacit
655 2611 855 2704 hominem,
879 2614 948 2688 etsi
970 2636 1090 2710 neque

47 2727 153 2801 narbo
172 2747 293 2821 neque
310 2724 421 2798 homo
439 2748 506 2797 suo
524 2725 606 2798 loco
624 2735 742 2813 exeat,
761 2749 879 2824 neque
900 2728 984 2800 ideo
1011 2752 1090 2801 mo-

47 2852 185 2928 teatnr,
213 2849 272 2912 est
301 2849 425 2912 tamen
454 2838 594 2934 aliquid
623 2841 787 2912 materiae
817 2841 892 2913 sive
927 2846 1091 2937 corporis

47 2953 188 3029 subtilis
212 2952 252 3026 in
275 2954 449 3040 carbone,
467 2952 568 3048 quod
591 2964 771 3042 movetur,
789 2967 826 3026 et
855 2969 994 3026 motum
1019 2955 1092 3028 ciet

47 3069 79 3141 in
110 3065 236 3140 medio
267 3089 381 3162 usque
410 3065 458 3139 ad
486 3066 698 3151 hominem;
726 3080 763 3140 et
791 3079 845 3141 est
875 3068 912 3140 in
943 3068 1092 3140 homine

47 3194 169 3255 stante
186 3180 352 3269 immoto,
371 3190 493 3252 motus
518 3180 651 3276 aliquis
674 3180 713 3253 in
740 3182 908 3277 partibus
935 3182 1091 3254 internis

47 3294 129 3368 inde
146 3301 355 3389 generatus.
408 3289 533 3365 Motus
544 3304 675 3366 antem
693 3293 754 3366 hio
778 3294 1001 3391 inpartibus
1024 3295 1093 3366 ho-

47 3405 155 3480 minis
181 3404 337 3479 internis
367 3416 424 3478 est
451 3405 574 3490 calor;
600 3417 639 3480 et
665 3407 718 3480 sic
746 3408 897 3495 moveri,
921 3407 1092 3495 calefieri,

47 3520 116 3594 hoe
133 3530 191 3592 est
206 3517 285 3615 pati
300 3549 310 3602 ;
336 3529 377 3592 et
392 3530 515 3592 motus
533 3519 594 3593 ille
612 3520 675 3616 qui
692 3534 749 3593 est
766 3521 803 3593 in
822 3521 987 3616 partibus
1012 3545 1094 3594 aar·

47 3633 154 3707 bonis
176 3631 296 3728 igniti,
312 3644 371 3704 est
395 3631 493 3705 aetio
521 3634 611 3727 ejus,
630 3632 705 3706 sive
729 3632 947 3717 calefactio;
974 3648 1013 3708 et
1040 3636 1093 3709 sio

47 3745 200 3833 moveri,
218 3743 430 3818 calefacere.

97 3881 144 3933 11.
171 3857 274 3931 Visio
291 3868 346 3931 est
362 3858 485 3954 passio
503 3858 685 3955 producta
710 3860 748 3932 in
767 3860 915 3935 vidente
940 3884 1006 3958 per
1033 3887 1094 3936 ac-

47 3974 188 4047 tionem
205 3971 342 4066 objeoti
359 3971 473 4045 lucidi
490 3973 548 4045 vel
566 3973 774 4048 illuminati.

97 4108 163 4160 111.
191 4085 235 4159 In
255 4084 406 4175 visione,
423 4110 543 4182 neque
561 4088 758 4183 objectum,
777 4113 895 4186 neque
912 4112 998 4184 pars
1017 4091 1095 4184 ejus

49 4223 276 4295 quaecunque
294 4199 426 4272 transit
444 4200 559 4274 alono
578 4225 644 4274 suo
659 4202 706 4275 ad
720 4201 879 4276 oculum.
908 4203 961 4275 Ut
974 4215 1096 4275 motus

47 4313 163 4409 possit
192 4325 335 4385 motum
362 4335 539 4407 generare
565 4314 612 4387 ad
640 4316 841 4410 quamlibet
869 4315 1095 4404 distantiam,

47 4451 121 4500 -non
153 4439 212 4498 est
238 4425 484 4498 necessarium
513 4440 553 4499 ut
578 4451 709 4522 corpus
733 4428 823 4501 illud
841 4453 953 4523 aquo
972 4441 1096 4500 motus

48 4549 258 4634 generatur,
283 4549 446 4612 transeat
476 4563 542 4636 per
575 4552 696 4613 totum
727 4540 817 4614 illud
845 4541 1004 4637 spatium
1031 4565 1097 4635 per
