2656 5136
198 655 272 722 380
623 671 825 726 nisroarn
900 692 906 703 ·

239 834 438 902 Consilium:
462 835 518 902 scd
532 836 590 922 qui
603 846 708 925 coget,
722 837 855 924 iniquus
867 838 948 905 erit.

195 934 259 999 Sec.
285 933 458 999 Haereticis
472 934 559 1022 leges
573 936 634 1002 tibi
649 958 716 1001 non
730 936 836 1023 placet
848 958 922 1005 esse
937 938 1124 1009 molestas.

238 1030 404 1097 Doctrinae
419 1033 499 1098 nulli
514 1033 634 1101 crimen
649 1034 753 1100 inesse
766 1036 889 1121 putas?

195 1129 285 1212 Quas
300 1132 410 1209 cades,
426 1132 539 1211 nescis,
555 1156 659 1219 nuper
671 1133 818 1201 doctrina
830 1134 983 1203 nefanda

237 1229 377 1316 Egressu
392 1229 520 1298 Oxonio
535 1231 785 1321 Cambriginquc
799 1234 919 1301 dedit?

195 1326 323 1395 Occidit
338 1331 487 1398 Oarolum
502 1332 648 1399 doctrina
663 1333 861 1399 Academica
874 1332 1030 1424 Regem,

238 1427 426 1514 Multosque
441 1430 582 1519 insignes
595 1431 764 1499 nobilitate
779 1432 874 1499 viros.
1189 1442 1265 1504 1160

194 1524 331 1592 Necnon
348 1527 483 1595 chrici
497 1530 643 1597 doctrine
656 1529 841 1598 Pontificuli

237 1622 406 1691 Gallorum
420 1650 512 1714 reges
525 1630 704 1695 occubuere
718 1629 791 1695 duo.

194 1720 313 1788 Curam
329 1725 387 1810 qui
400 1727 487 1813 pacis
502 1728 642 1815 suscepit
655 1750 784 1813 cunque
798 1726 944 1807 tuendae,

236 1822 414 1889 Doctorum
429 1825 518 1891 duris
532 1824 658 1913 legibus
672 1849 729 1892 ora
741 1836 877 1913 premat

193 1921 252 1985 Pr.
277 1921 365 2004 Quid
381 1923 487 2009 potuit
501 1924 645 1991 doctrina
659 1924 736 1990 mali
750 1948 791 1991 ex
804 1923 865 1991 hoc
879 1934 1037 2015 tempore
1048 1930 1136 2010 vidi,

235 2020 281 2086 Et
296 2022 361 2088 vidi
376 2022 463 2110 leges
478 2046 575 2108 quam
589 2022 718 2091 valuere
732 2046 854 2110 parum.

192 2117 318 2186 Insecto
333 2121 388 2186 scd
403 2144 473 2187 sera
487 2122 576 2188 venit
590 2122 748 2189 medicina
761 2120 889 2208 popello

235 2218 361 2297 Mult03
385 2220 452 2305 qni,
467 2244 539 2306 quae
553 2231 630 2287 sunt
643 2221 806 2308 principis,
821 2244 911 2287 arma
925 2231 1034 2292 tenet.

191 2317 276 2404 Regi
290 2319 342 2385 cui
358 2342 496 2405 praesens
510 2342 575 2386 non
589 2329 639 2386 est
652 2320 823 2398 exercitus,
834 2318 892 2397 illi,

235 2418 300 2483 Seu
315 2418 387 2484 vult
401 2442 457 2484 sen
471 2442 536 2485 non
551 2419 632 2496 vult,
644 2419 763 2486 ensifer
776 2428 826 2484 est
839 2419 993 2504 populus,
1178 2430 1256 2494 1170

192 2516 243 2581 Ut
257 2517 302 2581 nil
318 2518 360 2582 sit
375 2518 460 2603 quod
475 2528 573 2604 agant
587 2518 684 2606 leges.
731 2518 824 2583 Nihil
839 2528 889 2583 cst
903 2524 1139 2591 resecandum.

234 2615 366 2701 Optima
380 2617 562 2683 demulcens
578 2629 627 2683 est
646 2617 802 2683 medicina
816 2639 941 2683 manus.

190 2713 313 2800 Exiget
327 2715 366 2780 ad
382 2715 468 2801 leges
483 2738 602 2801 pacem,
618 2717 762 2782 convicia
777 2716 870 2781 tollat

232 2813 315 2879 Rex.
361 2812 518 2881 Dubitare
534 2825 624 2901 potes
640 2814 718 2899 quin
736 2814 851 2880 Schola
864 2813 1001 2882 inermis
1016 2820 1113 2887 crit?

191 2910 314 2976 Gaura
328 2912 371 2977 sit
385 2912 524 2978 calamus
539 2913 629 2990 libor,
646 2913 687 2977 sit
702 2913 802 2977 libera
816 2912 948 2998 lingua:

235 3009 269 3076 Si
285 3034 388 3076 mores
403 3012 514 3076 saltem
530 3035 594 3077 uon
609 3011 703 3077 docet
716 3011 771 3075 illa
786 3009 895 3075 malos.

191 3108 262 3173 Non
278 3110 421 3196 loquitur
436 3110 545 3176 Pietas
559 3111 720 3197 perplexa.
768 3107 832 3175 Sed
847 3109 1039 3178 insidiarum

234 3207 367 3295 Signum
384 3232 448 3274 non
463 3210 561 3274 fallax
576 3220 627 3275 est
642 3210 808 3274 tenebrosa
823 3207 955 3293 phrasis.

188 3307 275 3373 Nam
291 3309 436 3375 Christus
451 3309 508 3373 lux
524 3318 594 3375 est:
619 3308 658 3373 ad
673 3331 747 3373 eum
762 3307 966 3373 venientibus
981 3309 1053 3395 ipse

231 3408 414 3474 Praeluocns
429 3408 513 3474 claro
527 3408 648 3474 lumine
664 3418 820 3474 monstrat
833 3406 905 3471 iter.
1171 3423 1252 3483 1180

188 3506 359 3594 Numquid
374 3508 491 3574 divinae
507 3518 584 3573 sunt
598 3531 670 3595 pars
685 3507 856 3594 aenigmuta
869 3505 961 3593 legis,

232 3607 406 3694 Ingeniovc
422 3609 506 3674 salus
521 3619 570 3674 est
585 3608 754 3673 tribuenda
768 3607 863 3672 meo?

188 3706 367 3793 OEdipodas
381 3709 464 3774 solos
479 3708 646 3773 salvandos
660 3707 817 3773 credimus
832 3706 922 3771 esse?

232 3807 306 3871 Aut
321 3808 440 3874 Christi
455 3818 574 3874 tenerae
592 3806 734 3894 Sphinge
749 3815 903 3893 regentur
916 3808 1019 3871 oves?

188 3904 240 3969 At
253 3905 411 3993 Sphingae
427 3917 592 3991 nequeunt-
605 3907 777 3994 aenigmata
789 3904 1006 3971 Conciliorum

230 4004 412 4070 Primcrum
428 4017 567 4090 quatuor
580 4005 701 4070 solvere
716 4005 803 4069 mille
818 4004 937 4068 decem.

188 4100 256 4170 Cur
270 4103 338 4190 agit
352 4126 438 4190 ergo,
454 4115 557 4189 putas,
574 4103 700 4169 Nicena
715 4103 859 4169 Ecclesia
876 4101 1070 4190 Sphingem,

232 4202 267 4269 Si
281 4226 345 4268 non
361 4214 399 4268 ut
413 4204 506 4269 tollat
519 4204 648 4289 regibus
663 4203 858 4290 imperium?

188 4301 327 4369 Sustulit
341 4303 518 4389 imperium,
535 4326 644 4388 passus
659 4326 722 4369 non
737 4302 845 4369 debita
854 4302 930 4386 jura

228 4401 513 4469 Constantincmm
529 4401 650 4487 primus
670 4401 786 4467 hahere
801 4400 925 4465 Patres.
1161 4416 1247 4478 1190

184 4500 266 4566 Inde
282 4524 355 4565 suos
371 4501 507 4587 populus
522 4501 620 4585 coepit
635 4511 838 4566 contemnere
854 4522 955 4586 roges,

226 4600 399 4666 Portantes
415 4624 479 4666 una
493 4599 682 4665 Pontificale
693 4602 819 4688 jugum.
