2656 5136
206 637 281 705 296
374 730 377 739 Ι
617 651 842 707 ιιιιιιοιιι.

28 832 161 941 μυῖα
95 832 161 877 md
206 820 337 917 Neque
359 818 456 893 enim
483 819 840 897 verisimilitudinem
863 820 1062 919 oliqnum
1051 844 1094 895 ιιι
1116 842 1167 895 eo
1184 842 1267 895 mse

28 965 164 1000 „a
205 932 413 1031 putendum
431 932 621 1031 estquod
641 958 707 1009 ner
728 934 874 1010 lucilius
892 934 1004 1009 cedet
1028 934 1158 1009 motui
1185 956 1267 1009 mn·

205 1070 322 1121 nuum
347 1070 457 1176 quem
487 1070 584 1144 eque
608 1047 669 1123 vel
697 1048 851 1123 vitrum.
878 1048 1130 1147 nequeenim
1162 1048 1267 1123 sotio

205 1160 355 1234 luminis
369 1172 428 1233 est
442 1159 482 1234 in
500 1159 589 1258 ipsis
605 1162 824 1259 corporibus
836 1162 932 1237 neris
947 1174 986 1237 et
999 1185 1123 1259 aqum,
1137 1160 1239 1237 sed
1225 1184 1268 1235 ιιι

205 1273 362 1347 materie
378 1272 507 1348 subtili
523 1296 654 1349 eorum
670 1273 772 1373 poris
789 1286 977 1351 contentu.

258 1385 333 1459 Hic
358 1386 471 1460 etiem
495 1408 544 1461 ex
567 1386 763 1463 oeeueioue
779 1387 947 1477 adverto,
966 1411 1028 1462 me
1052 1386 1095 1461 in
1120 1410 1268 1485 praee·

206 1499 309 1573 denti
320 1498 477 1596 epistole
488 1499 691 1599 scripsisse,
702 1500 829 1577 lumen
841 1501 987 1576 facilius
1002 1500 1215 1599 propagari
1225 1500 1270 1576 in

207 1611 300 1686 duro
317 1634 429 1709 quem
445 1613 486 1687 iu
502 1612 616 1689 molli.
668 1612 783 1691 Quod
801 1615 856 1689 itu
879 1626 938 1689 est
958 1613 1269 1711 intelligendum,

205 1737 250 1799 ut
266 1724 422 1800 durities
437 1724 510 1801 iste
534 1749 611 1801 nou
633 1724 816 1802 referetur
837 1728 888 1803 nd
911 1740 1051 1803 tectum
1075 1750 1270 1803 meuuum

206 1851 430 1928 nostrerum,
441 1838 508 1913 sed
519 1839 570 1914 nd
586 1851 729 1914 motum
745 1839 909 1914 muteriae
925 1839 1072 1915 subtilis
1089 1850 1269 1915 tontum:

206 1972 254 2025 ue
270 1951 369 2025 forte
381 1952 464 2048 quis
479 1962 587 2050 putet
603 1950 691 2027 inde
702 1954 808 2049 sequi
823 1952 1084 2027 refractionem
1096 1976 1186 2029 esse
1198 1953 1271 2029 de-

205 2065 295 2140 bere
310 2064 429 2138 multo
455 2066 632 2162 majorem
653 2065 693 2140 in
709 2066 808 2139 vitro
825 2088 938 2162 quam
953 2066 993 2139 in
1013 2088 1126 2163 eque.
1182 2066 1271 2143 Etsi

206 2179 305 2253 enim
331 2179 468 2252 vitrum
495 2178 546 2251 sit
571 2176 691 2253 multo
720 2177 849 2253 durius
876 2190 1049 2276 respectu
1075 2202 1271 2256 munuum

206 2304 428 2381 nostrerum,
446 2315 522 2366 non
542 2304 669 2365 tumen
685 2291 803 2365 multo
828 2291 947 2388 magis
973 2292 1113 2365 resistit
1139 2294 1272 2369 motui

206 2406 371 2480 meteriae
394 2404 552 2478 subtilis.

255 2519 379 2593 Primo
396 2517 599 2614 propositio
626 2516 734 2613 plene
755 2529 812 2591 est
831 2516 1066 2613 imaginarie:
1095 2516 1269 2594 destrui-

205 2645 339 2728 turque
356 2633 437 2727 ejus
454 2631 637 2726 probatio,
656 2654 701 2703 ex
719 2656 764 2704 eo
787 2631 887 2728 quod
912 2644 1038 2705 utatur
1060 2630 1111 2704 ad
1138 2633 1269 2730 ipsam

206 2745 436 2843 probandum
453 2745 574 2840 primu
591 2766 657 2816 sua
674 2744 870 2841 hypothesi
884 2747 961 2842 jam
980 2744 1160 2820 refutata.

259 2854 432 2930 Secunda
447 2855 664 2952 propositio,
681 2857 713 2930 si
729 2858 769 2930 in
789 2857 870 2952 ipse
887 2883 955 2954 pro
973 2858 1183 2953 rejectione
1199 2885 1272 2957 po-

207 2984 319 3044 natur
336 2968 515 3068 repulsio,
530 2983 573 3043 ut
590 2969 637 3043 de
654 2970 733 3044 sola
749 2971 983 3067 impulsione,
997 2994 1073 3043 non
1091 2969 1142 3044 de
1159 2986 1271 3048 motu

205 3085 324 3180 possit
340 3084 509 3180 intelligi,
526 3107 616 3157 veru
632 3099 700 3171 est,
718 3098 756 3157 et
775 3109 868 3158 meu.

256 3198 351 3275 Quae
363 3199 403 3272 in
417 3200 527 3273 tertia
539 3198 653 3272 habet
663 3199 710 3271 de
722 3198 874 3296 systole,
889 3198 997 3294 plane
1011 3197 1267 3275 destruuntur

205 3335 250 3385 ex
265 3314 342 3409 jem
361 3310 488 3385 dictis:
515 3324 559 3385 ut
583 3323 621 3385 et
643 3335 688 3384 ee
705 3335 787 3408 quae
806 3311 897 3383 dicit
915 3311 953 3382 in
975 3309 1195 3385 Corollario
1215 3314 1264 3388 de

203 3426 453 3509 inclinatione,
486 3448 597 3522 quum
627 3424 708 3498 vult
736 3447 815 3498 esse
847 3437 999 3511 motum,
1032 3424 1181 3519 hocque
1211 3428 1261 3500 ob

204 3539 391 3635 egregium
418 3539 617 3611 rationem:
645 3542 669 3576 “
684 3538 805 3633 quiu'’‚
832 3536 963 3633 iuquit,
991 3536 1261 3633 “principium

205 3665 328 3725 motus
346 3665 402 3724 est
419 3650 576 3724 motus’'.
617 3650 711 3725 Quis
728 3651 827 3724 enim
840 3650 892 3722 illi
907 3649 1088 3723 concessit
1100 3649 1261 3726 inclina-

205 3766 344 3839 tionem
355 3787 433 3836 esse
444 3763 665 3860 principium
683 3763 758 3836 sive
774 3776 917 3860 partem
935 3763 1093 3859 primam
1105 3767 1259 3840 motus?

255 3878 299 3949 In
325 3876 577 3972 propositione
602 3888 743 3971 quarta,
762 3876 856 3948 male
885 3876 976 3948 dicit
998 3875 1146 3948 radium
1173 3903 1259 3955 esse

204 3989 364 4086 spatium
377 3988 551 4062 solidum:
570 3989 700 4062 melius
713 3989 808 4063 forte
822 3989 986 4077 dixisset,
1002 4012 1079 4063 esse
1093 3989 1170 4063 vim
1188 4016 1260 4089 per

204 4103 362 4200 spatium
386 4101 544 4174 solidum
565 4100 747 4175 diffusam.
800 4102 875 4175 Sed
902 4102 1023 4174 adhuc
1051 4102 1197 4191 meliuS,
1226 4108 1258 4180 si

204 4240 290 4290 eum
308 4215 477 4288 omuibus
494 4213 630 4310 opticis
654 4214 758 4287 illum
782 4228 928 4288 tontum
946 4227 988 4287 ut
1005 4214 1142 4287 lineam
1161 4242 1256 4292 con-

203 4329 400 4403 sideraret:
427 4328 545 4401 utitur
568 4328 666 4401 euim
688 4340 834 4401 tantum
857 4340 985 4423 postea
1008 4327 1102 4400 radii
1125 4328 1258 4406 latitu-

203 4443 302 4531 dine,
319 4453 416 4516 utet
434 4466 501 4516 suo
518 4442 615 4515 linea
632 4442 735 4531 lucis,
754 4441 802 4515 ad
828 4441 1064 4537 imaginarias
1088 4444 1259 4520 rationes

201 4555 446 4631 adornandos.
