2692 4792
185 270 251 334 116
488 286 571 336 nux
592 283 910 334 naunnnarrcn.

6 479 163 519 nrrovsu-
177 452 382 551 gitudinem
397 453 552 550 intelligi
568 477 685 550 posse,
704 452 768 526 sed
786 453 824 525 iu
841 476 914 548 quo
931 453 1014 524 loco
1033 451 1129 524 scire
1146 475 1218 524 non

17 560 65 599 ⁸¹⁸
80 560 109 600 v.
177 591 337 664 possum.
388 567 443 640 Ex
457 567 528 640 hac
545 567 759 640 difficultate
777 567 940 639 nascitur
957 566 1048 639 alia:
1075 590 1217 662 nempe,

178 704 227 754 an
263 681 419 776 angulus
440 680 540 753 ABD
568 682 645 776 (fig.
665 681 722 774 ii),
747 678 867 752 factus
896 703 919 751 a
945 678 1217 752 semidiametro

179 795 245 867 ΑΒ
263 806 300 866 et
323 818 413 867 arcu
437 793 515 882 BD,
533 793 580 866 sit
605 805 738 880 rectus,
757 792 795 865 id
824 803 890 879 est,
909 792 1062 888 aequalis
1087 791 1225 888 angulo'

180 907 292 980 ABC.
342 906 527 979 Wallisius
552 906 732 978 minorem
749 928 827 978 esse
845 904 948 993 dicit,
967 917 1151 1001 quantum
1167 916 1218 978 est

179 1021 334 1116 angulus
351 1019 472 1092 faetus
490 1044 512 1091 a
529 1030 630 1091 recta
647 1018 709 1092 BC
724 1030 761 1091 et
777 1042 866 1092 arcu
880 1018 959 1108 BD,
970 1042 1082 1114 quem
1101 1020 1217 1116 appel·

180 1133 257 1206 lant
275 1132 449 1228 angulum
467 1144 669 1206 contactus.
722 1132 933 1205 Hobbesius
946 1132 1128 1228 aequalem
1146 1156 1216 1207 esse

181 1246 282 1320 dicit.

232 1358 473 1433 Dissentionis
490 1382 599 1432 causa
616 1369 674 1432 est
702 1357 948 1431 definitionis*
974 1360 1102 1455 anguli
1127 1359 1215 1456 plani

181 1474 280 1569 apud
291 1472 479 1546 Euclidem
492 1496 565 1545 non
578 1472 716 1569 pariter
728 1471 928 1544 intellecta.
956 1470 1135 1545 Definitio
1147 1472 1215 1545 haec

182 1598 257 1660 est:
276 1584 445 1684 Angelus
456 1583 598 1682 planus
611 1595 668 1657 cot
682 1585 836 1657 daurom
852 1583 1034 1657 lineamina
1049 1586 1089 1658 in
1095 1587 1215 1684 plano,

182 1724 250 1773 nec
261 1699 298 1772 in
310 1699 491 1772 directum
499 1698 715 1793 jacentium,
722 1698 828 1770 unius
839 1697 895 1771 ad
905 1696 1066 1772 alteram
1077 1699 1217 1773 inclino-

183 1815 247 1887 tio.
275 1814 330 1885 Ex
343 1837 416 1908 qua
428 1812 640 1885 definitione
654 1812 756 1909 sequi
765 1811 953 1884 Wallisius
966 1824 1078 1908 putat
1087 1827 1217 1887 rectam

183 1927 247 2000 BC
265 1950 349 1999 cum
367 1949 456 1998 arcu
474 1924 539 1997 BD
557 1925 678 1998 facere
695 1924 882 2021 angulum,
901 1938 941 2000 et
957 1925 1109 2022 quidem
1134 1928 1217 2024 ejus

184 2039 268 2111 dem
286 2038 430 2133 generis
454 2060 538 2109 cum
560 2037 695 2133 angulo
722 2036 835 2110 Alte·
883 2037 993 2111 Quod
1019 2038 1219 2113 Hobbesius

183 2162 320 2246 negat;
346 2149 593 2246 angulumque
615 2150 778 2246 planum,
796 2150 857 2223 et*
876 2151 964 2225 satis
991 2152 1039 2224 ad
1068 2167 1219 2227 mentem

183 2263 358 2352 Euclidis,
373 2263 507 2336 clarius
521 2262 647 2336 definit
662 2263 734 2336 hoc
747 2263 876 2336 modo:
902 2262 1080 2362 Angelus
1090 2266 1220 2365 planus

185 2377 325 2474 estqui
339 2378 395 2472 fit
424 2402 471 2449 cc
498 2375 748 2474 descriptione
770 2375 915 2464 circuli,
933 2386 971 2449 ct
987 2380 1221 2475 quantitatem

185 2490 295 2564 habet
324 2490 477 2564 eandem
499 2515 604 2587 quom
624 2488 732 2563 habet
761 2489 862 2562 ratio
885 2514 998 2563 arcera
1024 2517 1049 2565 α
1078 2492 1222 2566 rectiac

186 2614 315 2678 centro
333 2603 532 2701 intercepti
549 2602 604 2674 ad
618 2611 731 2675 totam
741 2602 998 2700 perimetrum.

230 2717 316 2791 Non
328 2727 385 2790 est
398 2740 487 2812 ergo
496 2715 651 2811 angulus
662 2726 853 2788 contactus
865 2716 1053 2811 quantitas
1068 2719 1223 2815 ejusdem

185 2831 331 2927 generis
349 2854 432 2903 cum
457 2829 663 2925 quantitate
680 2829 807 2923 anguli
832 2828 920 2903 facti
937 2853 1005 2925 per
1022 2830 1224 2907 circulatio·

186 2969 284 3018 nem.
329 2942 440 3018 Quod
454 2942 565 3015 etiam
579 2943 772 3014 confirmat
788 2941 971 3031 Euclides,
990 2943 1055 3039 qui
1069 2947 1225 3041 ejusdem

186 3057 331 3154 generis
366 3056 589 3152 quantitates
620 3078 698 3127 esse
728 3067 840 3151 negat
868 3079 950 3151 quae
977 3057 1225 3157 multiplicate

187 3195 261 3244 non
277 3180 433 3267 possunt
454 3193 493 3242 se
510 3179 639 3242 mutuo
662 3192 846 3264 superare.
898 3169 1097 3258 Praeterea,
1115 3174 1148 3247 si
1171 3174 1225 3247 da·

187 3295 289 3356 retur
306 3284 483 3377 majorem
501 3304 580 3354 esse
603 3282 775 3376 angulum
794 3294 936 3356 rectum
962 3285 1102 3380 angulo
1128 3287 1227 3361 semi-

188 3396 327 3484 circuli,
355 3405 570 3490 sequeretur
603 3395 659 3487 (ut
692 3395 836 3469 notavit
869 3396 957 3469 olim
992 3397 1118 3495 Briso)
1156 3401 1226 3476 fieri

186 3531 304 3606 posse,
323 3520 366 3581 ut
383 3508 538 3580 duarum
556 3507 804 3603 quantitatum
815 3509 937 3582 minor
954 3513 1136 3588 continuo
1153 3539 1228 3613 pro·

186 3644 316 3718 gressu
349 3620 476 3718 augeri
510 3633 636 3717 posset
669 3619 788 3694 donec
818 3623 997 3718 majorem
1028 3643 1226 3724 superaret,

185 3758 255 3808 nec
282 3746 406 3808 tamen
436 3745 479 3806 ut
507 3746 672 3808 trauseat
700 3758 766 3832 per
795 3736 982 3832 aequalem.
1038 3740 1154 3817 Quod
1179 3753 1228 3816 est

185 3848 342 3921 monstri
358 3846 487 3922 simile.
540 3847 682 3921 Censeo
700 3871 788 3945 ergo
806 3872 945 3924 errasse
962 3850 1183 3929 Wallisium.

236 3963 431 4036 Hactenus
448 3959 606 4034 vidimus
626 3961 855 4035 Hobbesium
882 3966 1129 4061 geometriam
1154 3967 1227 4042 uni-

564 4200 582 4235 *
605 4199 655 4260 Sic
668 4200 736 4260 edit
757 4199 842 4261 1672.
