2692 4792
181 273 248 336 148
487 288 569 338 nux
592 287 912 339 ntarnnuarrcli.

13 476 166 516 laerones
179 455 346 528 labimur.
400 456 524 530 Quare
550 456 699 529 autem?
751 455 850 531 Quia
875 458 937 553 qui
965 457 1134 531 scientiae
1157 458 1214 555 ipsi

4 558 162 599 morituro.

180 568 341 656 student,
364 570 487 664 pauci:
515 570 578 664 qui
600 570 838 643 scientiarum
864 569 1095 666 professione
1112 596 1217 669 quas·

180 693 260 755 tum
276 680 429 768 faciunt,
448 681 629 753 innumeri
648 694 746 755 sunt.
799 682 882 769 His,
902 682 1076 757 simulac
1092 684 1218 780 magis-

181 807 322 867 trorum
348 817 497 867 suorum
517 794 722 868 doctrinam
741 794 971 883 edidicerint,
990 796 1063 869 etsi
1079 820 1218 870 sensum

182 932 226 981 ac
243 907 318 980 vim
343 907 438 980 illius
466 932 540 979 non
564 907 782 1003 percipiant,
799 930 867 1003 pro
885 908 987 981 omni
1003 924 1218 1006 argumento

182 1021 315 1094 sufficit
332 1020 538 1093 authoritas
552 1020 718 1115 magistri
728 1020 878 1093 z-dicit
893 1019 1219 1094 Aristoteles-est

182 1133 459 1206 Euclidia-eat
483 1132 782 1206 Archimedis—z
801 1132 997 1229 aliquando
1020 1135 1149 1224 etiam,
1165 1135 1219 1207 ubi

184 1247 316 1319 summi
333 1246 385 1318 illi
403 1245 472 1317 viri
499 1245 592 1317 uibil
616 1245 689 1317 tale
707 1245 887 1319 senserint
903 1258 969 1320 aut
992 1247 1218 1344 scripserint:

184 1384 286 1433 more
296 1358 596 1455 philosophorum
611 1358 757 1431 illorum
768 1381 861 1454 quos
871 1357 1005 1448 facete,
1017 1359 1085 1434 sed
1095 1360 1219 1434 merito

183 1473 326 1546 deridet
362 1472 555 1558 Lucienus,
587 1470 633 1543 de
662 1471 794 1568 quibus
823 1472 970 1546 locutus
997 1484 1056 1547 est
1086 1474 1219 1562 Cicero,

182 1586 330 1683 quando
356 1585 449 1657 nihil
470 1607 549 1657 esse
573 1595 650 1657 tam
674 1584 872 1657 absurdum
890 1584 1044 1675 diceret,
1062 1587 1165 1683 quod
1179 1587 1219 1660 ab

182 1701 306 1796 aliquo
323 1698 626 1794 philosophorum
643 1721 719 1770 non
735 1697 783 1770 sit
796 1698 1090 1794 pronuntiatum.
1144 1699 1220 1790 Sed,

183 1836 230 1886 ne
244 1812 413 1886 recedam
428 1836 450 1883 a
463 1811 672 1906 geometris,
683 1811 772 1907 quid
785 1811 816 1884 si
827 1812 1032 1903 Euclidem,
1043 1814 1105 1887 vel
1118 1814 1222 1888 alium

183 1950 229 1999 ex
240 1926 423 2020 magistris
434 1926 505 1997 illis
515 1925 739 2011 maximinio
751 1924 1066 2000 demonstratione
1077 1949 1222 2016 errasse,

184 2051 249 2112 aut
266 2039 434 2111 voculam
458 2038 619 2133 aliquam
644 2062 721 2111 non
747 2038 835 2111 satis
853 2051 1027 2113 accurate
1046 2039 1222 2129 definisse,

184 2166 250 2225 aut
266 2151 493 2247 postulatum
516 2152 616 2246 justo
639 2151 880 2223 universalius
904 2152 1096 2247 postulare
1114 2156 1224 2228 conti·

183 2267 313 2362 gisset:
339 2277 513 2361 poterant
529 2265 638 2348 enim,
657 2264 745 2338 dum
762 2265 928 2338 homines
946 2279 1089 2340 essent:
1108 2292 1224 2342 nonne

184 2378 380 2474 explicare,
415 2377 610 2472 corrigere,
646 2377 940 2473 praetermittere,
975 2390 1044 2451 aut
1072 2379 1224 2477 denique

185 2491 344 2586 abjicere
370 2489 434 2563 illa
453 2490 567 2562 satius
595 2501 703 2579 esset,
723 2512 833 2586 quam
859 2491 960 2564 falsis
983 2491 1080 2566 falsa
1097 2517 1224 2589 conge·

184 2604 301 2678 rendo
318 2602 429 2677 etiam
443 2626 531 2675 vcra
547 2602 682 2676 abdere
696 2603 754 2675 vel
771 2602 1022 2677 abscondere?
1057 2605 1224 2680 Euclides

185 2715 321 2789 lineam
347 2714 617 2811 longitudinem
645 2738 724 2788 esse
751 2714 881 2789 definit
911 2715 990 2789 siue
1020 2717 1225 2793 latitudine.

188 2830 281 2904 Quis
293 2852 456 2923 unquam
473 2826 708 2900 latitudinem
725 2827 948 2924 imaginatus
962 2841 1019 2902 est
1039 2831 1225 2929 (imagina-

188 2956 247 3015 tus
266 2953 322 3015 est
339 2941 437 3028 dico,
451 2963 525 3012 non
540 2939 622 3012 dico
635 2939 898 3034 consideravit)
915 2941 994 3014 sine
1011 2941 1225 3018 latitudine?

188 3056 291 3129 ldem
307 3054 417 3150 paulo
434 3063 518 3148 post
535 3052 688 3125 concedi
705 3053 774 3126 sibi
790 3053 968 3149 postulat,
985 3078 1009 3128 a
1024 3069 1167 3151 puncto
1183 3055 1226 3131 ad

186 3182 366 3265 punctum
383 3166 470 3240 duci
486 3189 593 3262 posse
610 3164 757 3238 lineam.
799 3165 910 3241 Quod
927 3177 986 3240 est
1001 3170 1226 3264 postulatum

187 3282 466 3379 iniquissimum,
493 3292 532 3353 et
558 3288 689 3353 contra
715 3278 870 3352 rationis
898 3280 1079 3355 naturalis
1109 3282 1226 3357 lumen

188 3394 451 3467 immediatum.
504 3393 639 3466 Utrum
661 3393 740 3487 jam
762 3393 903 3488 aquius
921 3405 977 3466 est
994 3394 1135 3483 dicere,
1150 3419 1227 3470 sen·

187 3510 276 3582 sisse
310 3506 501 3581 Euclidem
534 3505 769 3581 latitudinem
798 3506 904 3579 lineae
932 3507 971 3579 in
1005 3508 1227 3584 aestimandis

188 3622 450 3719 superficiebus
474 3645 549 3694 non
574 3618 880 3694 considerandam
907 3643 999 3710 esse,
1027 3646 1141 3718 quam
1167 3634 1227 3697 aut

188 3759 324 3830 negare
348 3733 526 3807 ducendae
555 3733 662 3806 lineae
683 3732 978 3828 possibilitatem,
1001 3744 1068 3808 aut
1094 3736 1141 3809 ab
1169 3735 1230 3809 illo

188 3849 369 3945 principio
383 3846 582 3944 procedere
595 3846 642 3920 ad
656 3846 1013 3919 demonstrationes?
1046 3848 1229 3937 Eucliden,

189 3963 305 4036 Elem.
333 3962 384 4047 iii,
414 3984 519 4057 prop.
556 3969 611 4049 16,
641 3960 817 4056 angulum
852 3959 1073 4035 semicirculi
1105 3962 1230 4060 quovis

190 4075 325 4172 angulo
338 4084 447 4148 acuto
458 4073 832 4169 rectilineomajorem
843 4097 923 4146 esse
934 4072 1037 4163 dicit,
1049 4075 1231 4173 reliquum

189 4202 311 4264 autem
349 4187 539 4262 minorem.
609 4187 700 4261 lude
734 4185 846 4260 infert
880 4186 1041 4277 Clarius,
1076 4212 1155 4265 non
1190 4199 1232 4264 ut
