2656 5136
334 39 1248 503 Ἦ

127 645 199 711 364
544 662 745 718 merolus

124 825 205 891 Esse
219 824 326 891 datam
340 825 436 904 dicet,
451 826 536 895 sicut
549 850 608 915 par
621 838 681 907 ost,
696 828 844 915 sapienti,

168 922 352 1009 Debitaque
363 924 519 1012 ingratus,
534 948 608 1012 qua*
622 928 718 1014 capit,
733 950 802 996 esse
815 938 924 1016 putat.

125 1022 232 1088 Annis
246 1045 304 1088 usa
317 1023 381 1088 fuit
395 1024 505 1110 paucis
519 1024 665 1092 Ecclesia
678 1048 765 1113 pace,

169 1120 308 1204 Quando
322 1123 481 1190 commisit
494 1124 535 1191 lis
548 1148 632 1192 nova
645 1126 859 1214 philosophas.

124 1219 216 1286 Inter
231 1220 455 1287 Alexandrum
469 1232 613 1290 comatur
626 1235 661 1290 et
674 1224 760 1291 inter
775 1225 905 1304 Arium,

168 1317 271 1395 Inter,
285 1319 318 1384 id
333 1328 393 1397 est,
407 1319 586 1406 Ephorum¹
602 1321 901 1411 Presbytemmque
916 1348 1033 1407 suurn,

125 1418 271 1485 Christus
281 1441 323 1483 an
337 1419 470 1504 aequalis
484 1419 577 1487 Patri
590 1421 665 1501 fuit,
680 1446 722 1488 an
735 1422 841 1491 minor
853 1423 924 1504 illo,

167 1515 222 1581 Illi
238 1540 294 1603 par
309 1517 406 1595 visus,
420 1518 496 1586 huic
510 1520 698 1588 minorasse
711 1520 795 1589 Dec.

125 1616 180 1681 Ad
195 1639 335 1682 mensam
346 1628 486 1704 coeptum
500 1628 560 1699 est,
576 1629 675 1705 atque
689 1619 775 1686 inter
787 1621 905 1707 pocula
919 1624 1043 1709 quaeri.

167 1716 241 1802 (Ad
256 1740 396 1782 mensam
411 1740 479 1785 esse
494 1718 690 1786 soletlibera
702 1719 813 1808 lingua
825 1726 947 1801 mero).
1121 1732 1182 1795 tto

125 1815 214 1881 Hinc
228 1816 296 1882 abit
310 1816 350 1882 ad
364 1817 531 1885 cathedras
546 1840 636 1884 sacra
649 1818 867 1885 controversia
879 1830 1027 1904 sanctas,

169 1914 365 2001 Sectumque
379 1916 414 1981 in
428 1927 536 2002 partes
550 1916 691 1983 concitat
704 1916 779 1983 inde
792 1940 938 2006 gregem.

124 2014 206 2082 Mox
220 2027 254 2082 et
266 2016 447 2082 Alexandri
460 2016 577 2083 celebri
591 2026 755 2104 pugnatur
767 2016 802 2081 in
815 2020 909 2097 urbe,

167 2114 214 2180 Et
228 2115 353 2181 diversa
366 2114 477 2182 fruens
490 2115 582 2181 miles
597 2115 631 2182 in
645 2138 734 2182 arma
747 2116 824 2182 ruit.

125 2212 196 2279 Rex
212 2212 444 2280 Constantinus
457 2212 576 2279 multos
585 2214 663 2299 jam,
678 2213 867 2300 militiaeque

167 2312 306 2391 Florem,
321 2312 410 2379 civili
423 2311 512 2379 clade
526 2313 630 2400 perire
644 2313 766 2392 videns,

125 2412 176 2478 Ut
190 2435 298 2500 regem
313 2412 422 2478 decuit
434 2412 635 2499 prudentem,
650 2412 762 2480 tollere
775 2434 905 2480 causam

167 2510 302 2577 Dissidii
316 2511 449 2589 studuit,
466 2520 499 2577 et
514 2511 654 2577 stabilire
668 2512 774 2577 fidem.

125 2610 291 2678 Convocat
305 2633 346 2675 ex
361 2610 448 2675 omni
462 2620 618 2675 terrarum
633 2621 723 2696 parte
738 2633 866 2676 suarum

166 2710 290 2775 Doctos
303 2720 450 2787 rectores,
466 2711 734 2795 presbyterosque
749 2710 842 2776 viros.
1120 2722 1181 2784 560

125 2808 256 2876 Ordinis
271 2819 304 2874 et
317 2808 412 2894 primi
427 2820 506 2875 tunc
520 2831 695 2876 convenere
710 2809 855 2888 trecenti,

167 2907 418 2992 Octcdecimque
432 2930 546 2996 graves
557 2908 730 2994 eximiique
742 2931 841 2975 senes

125 3008 208 3074 Haec
223 3006 258 3071 N
259 3007 349 3073 icens
363 3006 428 3072 fuit
442 3007 583 3094 synodus
597 3006 733 3074 Patrum
747 3007 915 3095 generalis,

165 3107 340 3192 Primaque
354 3106 492 3172 Romani
509 3106 608 3173 totius
622 3108 708 3174 orbis
723 3118 799 3174 erat

124 3207 208 3275 Cum
223 3206 447 3283 consedissent,
463 3206 497 3270 in
512 3206 742 3272 Boolsataim²
757 3205 857 3270 intrat

165 3307 330 3392 Princeps,
346 3306 380 3370 in
395 3305 498 3371 medio
513 3318 666 3389 stansque
680 3305 799 3371 salutat
812 3327 874 3370 eos

123 3406 334 3492 Consurgunt
348 3404 472 3482 Patres,
489 3404 544 3470 sed
559 3427 614 3470 cos
620 3406 716 3491 jubet
730 3404 783 3470 ille
799 3404 927 3470 sedere:

165 3506 238 3572 Nec
253 3505 356 3571 voluit
369 3504 515 3591 princeps
530 3504 597 3590 ipse
611 3504 720 3571 sedere
735 3504 829 3591 prior.

121 3605 292 3693 Ingenium
307 3627 393 3670 nunc
407 3604 492 3670 disce
507 3603 648 3669 virorum
664 3602 923 3689 philosophorum
941 3628 948 3666 :

167 3705 203 3773 Si
218 3704 312 3770 modo
326 3703 532 3790 philosophus
547 3702 657 3768 simius
672 3725 740 3768 esse
754 3710 868 3788 potest.
1115 3711 1178 3775 570

120 3801 219 3867 Disce
235 3801 312 3886 quid
326 3802 366 3867 sd
381 3824 486 3867 mores
501 3801 626 3867 confert
639 3801 753 3888 legisse
770 3800 950 3877 Platonem,

167 3901 238 3965 Aut
254 3900 474 3977 Aristotelem,
486 3910 543 3965 aut
556 3899 664 3965 Biblia
678 3921 765 3965 sacra
781 3897 853 3975 Dei,

124 3998 159 4066 Si
170 3998 250 4087 legis
265 4009 302 4065 ut
317 3999 438 4077 doceas,
454 4008 488 4064 et
502 4022 566 4064 non
581 4009 619 4064 ut
633 3999 740 4065 vivere
755 3997 866 4063 discas.

164 4099 332 4167 Virtutem
350 4098 429 4163 nihil
445 4108 494 4164 est
507 4098 597 4176 scire,
613 4098 676 4163 nisi
691 4097 798 4164 facias.

121 4199 245 4266 Urbem
261 4198 419 4265 Nicenam
433 4220 548 4264 venere
559 4221 579 4262 a
593 4197 710 4262 linibus
725 4195 820 4273 orbis,

164 4299 215 4365 Ut
229 4300 320 4365 fieret
334 4297 459 4364 cunctis
474 4296 568 4362 unica
582 4306 670 4361 certa
684 4295 763 4361 fides

232 4501 240 4534 ¹
261 4499 343 4573 [Vide
355 4494 558 4564 Grumentum]
726 4492 736 4520 ¹
754 4492 835 4564 [Vide
848 4491 1064 4566 Graecinium]
