2656 5136
415 693 749 749 nccuusrusrrcA.
1033 683 1107 750 393

66 857 160 939 Quod
176 858 287 924 domus
303 869 352 924 est
366 859 479 924 animae
494 882 618 946 corpus,
634 861 672 925 fit
687 859 773 945 quod
783 859 879 945 jubet
889 859 961 937 ille3

107 958 141 1021 N
143 981 184 1022 on
199 958 302 1035 homo,
318 982 383 1025 non
397 981 520 1045 corpus,
535 983 600 1024 non
615 983 695 1045 opus
710 960 778 1045 ipsu
792 959 889 1035 feeit3

67 1056 128 1122 Sed
145 1060 224 1122 bene
239 1058 398 1144 dispositis
412 1070 610 1145 peraguntur
624 1070 740 1125 cuncta
755 1058 918 1136 ministris,

109 1156 270 1243 Fungitur
285 1168 319 1222 et
332 1169 478 1243 prompte
493 1180 623 1223 munere
639 1158 776 1242 quisque
791 1180 868 1234 su03
1023 1160 1106 1222 1650

65 1255 193 1333 Olfecit,
210 1267 243 1321 et
256 1268 376 1343 gustat,
392 1268 480 1321 tactu
496 1257 603 1334 sentit,
619 1257 717 1335 videt,
732 1256 832 1334 audit,

107 1356 140 1419 N
143 1380 183 1421 on
198 1357 302 1434 homo,
318 1357 373 1421 sed
388 1379 498 1422 sensus
513 1357 659 1443 proprius
673 1356 736 1421 ista
749 1355 836 1422 sacit

64 1454 201 1541 Nempe,
217 1479 310 1520 suum
325 1455 428 1521 mittit
442 1454 667 1520 simulachrum
682 1478 732 1520 res
747 1453 780 1518 in
794 1455 920 1532 ocellos,

106 1553 209 1638 quue
225 1555 313 1619 videt
328 1554 414 1619 visus
427 1580 436 1629 3
461 1576 526 1619 non
541 1552 630 1619 videt
643 1552 723 1617 illud
738 1551 842 1630 homo,

63 1652 97 1716 N
100 1676 135 1718 cc
150 1677 246 1718 sonus
260 1653 418 1719 auriculas
432 1664 588 1739 penetrat,
601 1651 680 1737 quin
695 1651 805 1717 audiet
817 1652 909 1718 illum

107 1752 272 1828 Auditus3
289 1752 368 1816 nihil
383 1761 433 1817 est
447 1751 514 1836 ipse
529 1751 615 1835 quod
629 1750 720 1816 audit
734 1750 847 1828 hom03

64 1852 226 1936 Acceptas
241 1851 360 1937 species
375 1850 554 1916 considerat
572 1850 774 1926 intellectus3

109 1949 271 2036 Supputat
285 1960 319 2015 et
332 1950 433 2026 rati03
458 1950 571 2035 visque
585 1973 707 2016 memor
721 1949 849 2015 retinet.

67 2049 119 2115 Sic
135 2073 263 2134 quoque
271 2050 429 2135 judicium
444 2050 616 2128 discernit3
639 2051 776 2135 vultque
792 2048 961 2116 voluntas¹.

109 2148 162 2214 Sic
177 2172 250 2214 vere
265 2149 385 2214 dictum
401 2160 460 2226 est,
476 2150 535 2214 Est
549 2151 760 2214 microcosmus
772 2148 866 2215 homo.
1021 2151 1105 2212 1660

64 2248 128 2312 Sec.
152 2248 211 2312 Nil
226 2248 303 2314 facit
317 2249 357 2313 ad
372 2237 512 2314 nostram
527 2249 682 2314 comoedia
696 2246 797 2314 stulta
810 2249 964 2314 salutem:

106 2345 179 2412 Nec
193 2371 250 2411 nos
266 2347 434 2412 salvabunt
448 2345 589 2433 physice,
605 2369 681 2412 vere
700 2346 784 2412 licet

66 2444 150 2511 Sunt
163 2446 319 2511 credenda
335 2446 462 2530 quidem
478 2446 568 2510 libris
583 2468 785 2530 quaecunque
798 2446 952 2532 leguntur

109 2544 231 2610 Sacris:
255 2544 310 2610 sed
326 2543 437 2611 Codex
453 2567 517 2609 non
533 2544 630 2610 habet
645 2545 707 2610 iste
720 2544 793 2610 Dei.

63 2642 98 2706 N
100 2668 140 2708 on
156 2645 241 2708 tollit
255 2655 385 2730 peccata
398 2644 563 2709 hominnm
579 2644 735 2730 sapientia
750 2643 883 2712 Graeca:

106 2743 141 2806 N
143 2766 178 2808 ec
194 2744 278 2808 faeta
292 2754 341 2808 est
357 2744 455 2808 turdis
470 2767 563 2829 poene
578 2742 736 2810 Gehenna
749 2744 874 2821 animis,

67 2842 129 2907 Sed
145 2844 230 2906 fastu
245 2842 357 2927 plenis,
373 2842 587 2918 mendacibus,
603 2852 700 2927 atque
715 2842 900 2928 hypocritis,

109 2941 258 3027 Ingratis,
275 2941 385 3017 avidis,
401 2941 548 3006 omnibus
563 2953 660 3026 atque
675 2942 784 3029 nigris.

67 3040 148 3103 Nem
163 3043 243 3105 bene
258 3051 414 3105 moratum
431 3040 580 3126 physicus
595 3040 622 3104 si
636 3040 783 3126 perderet
797 3061 893 3116 error,

108 3140 182 3221 Quo
198 3150 296 3205 staret
310 3140 421 3205 doctor
435 3140 672 3225 discipulusque
688 3139 783 3204 loeo?
1022 3135 1106 3203 1670

63 3240 124 3303 Pr.
148 3239 229 3305 Post
242 3239 324 3304 hanc
339 3262 549 3324 suppressam,
565 3239 672 3305 statim
688 3239 777 3304 venit
791 3237 891 3304 altera
910 3235 1019 3321 major,

108 3338 214 3420 Quam
229 3362 319 3426 reges
335 3339 428 3404 multi
443 3339 624 3405 sustinuere
639 3338 704 3403 diu.
814 3347 820 3355 “

64 3437 264 3504 Christicolis
278 3438 408 3504 dederat
423 3438 533 3524 primis
547 3438 692 3504 Ecclesia
706 3437 816 3524 prima,

106 3539 197 3605 Idola
211 3539 260 3625 (at
275 3562 365 3604 verso
379 3538 524 3622 nomine)
538 3538 654 3604 hebere
670 3560 737 3603 sua.

64 3638 127 3702 His
142 3639 278 3724 populus
292 3639 403 3703 fudere
418 3660 536 3723 preces,
553 3636 719 3703 ethonore
734 3634 882 3701 colebant

107 3738 212 3819 Quem
228 3737 357 3803 dederat
371 3737 459 3801 salsis
475 3736 632 3802 Ethnicus
647 3745 722 3801 ante
736 3733 813 3800 deis.

64 3837 102 3900 ld
119 3838 205 3920 quod
219 3849 369 3922 pastores,
384 3848 537 3924 regnante
552 3837 663 3901 Leone
678 3834 827 3910 secundo,

107 3934 273 4000 Innumeri
287 3947 321 4001 et
334 3936 420 4001 docti
435 3959 498 4000 non
514 3947 647 4022 potuere
662 3933 739 4021 pati.

65 4034 230 4100 Certatum
247 4047 296 4100 est
310 4047 439 4101 centum
454 4036 637 4122 scriptoque
652 4044 686 4101 et
700 4056 777 4100 voce
792 4052 974 4121 perennes,

107 4135 161 4197 An
176 4133 261 4198 licite
277 4133 308 4197 in
325 4134 420 4199 sacris
435 4134 533 4220 possit
549 4134 653 4221 imago
667 4132 737 4199 coli
1023 4128 1106 4190 1680

66 4234 127 4300 Sed
144 4233 221 4298 vieti
236 4234 363 4299 tandem
379 4244 540 4299 cesserunt
555 4232 761 4309 Icononsocli,

107 4334 152 4397 Et
167 4332 261 4397 simul
276 4331 381 4397 Eoum
397 4332 534 4418 languiit
548 4332 725 4417 imperium.

63 4435 97 4499 N
100 4460 149 4499 am
165 4433 248 4498 circa
262 4432 322 4497 hoc
337 4444 463 4518 tempus
478 4433 573 4518 coepit
591 4431 777 4499 Saracenicc
791 4439 877 4494 secta

288 4636 295 4668 ¹
318 4630 399 4703 [Vide
412 4631 589 4696 Luvrsrnru,
602 4629 721 4700 Anglice,
733 4645 758 4698 p.
771 4631 797 4695 ³,
812 4624 865 4694 10.]
