2656 5136
244 633 314 699 192
465 643 687 699 rainerum
705 644 758 699 ur
776 646 1056 701 ruouuurrarn

58 837 127 879 car.
140 838 182 879 rx.
238 819 275 902 2,
293 809 332 884 id
349 821 406 886 est
423 812 579 909 sphaera,
597 812 748 911 aequalis
765 824 822 887 est
844 812 1000 887 dimidio
1022 823 1227 912 aggregato
1241 840 1282 891 ex

39 906 197 1016 M]
239 933 312 998 3et
328 934 359 1014 1,
372 925 412 999 id
429 937 486 1001 est
496 925 650 1001 dimidio
664 926 833 1024 cylindro
845 936 884 1001 et
897 925 1052 1001 dimidio
1069 950 1169 1003 couo
1184 929 1283 1005 simul

37 1042 198 1139 yffi*
237 1038 419 1135 sumptis:
446 1051 490 1112 ut
505 1051 563 1112 est
579 1040 821 1136 propositum.

288 1174 327 1226 v.
355 1152 407 1226 Ut
420 1152 632 1227 inveniatur
649 1151 818 1250 cylindro
834 1152 979 1248 sphaera
994 1152 1162 1250 aequalis,
1179 1153 1283 1230 docet

236 1264 350 1338 etiam
368 1266 609 1341 Archimedes
624 1267 688 1341 lib.
705 1266 733 1340 ii
758 1266 822 1339 De
845 1265 1009 1364 Sphoera
1030 1277 1072 1342 et
1091 1266 1282 1366 Cytisoro,

235 1401 341 1474 prop.
360 1377 385 1456 i.
436 1379 592 1476 Nempe,
611 1392 653 1453 ut
674 1389 841 1452 sumatur
861 1378 1050 1476 cylindrus
1073 1380 1141 1478 qui
1167 1381 1217 1455 sit
1238 1380 1282 1455 ad

237 1490 445 1588 cylindrum
461 1493 692 1589 propositum
707 1504 750 1565 ut
768 1501 791 1567 3
809 1491 858 1565 ad
874 1501 913 1576 2,
930 1492 969 1565 id
985 1506 1046 1567 est
1059 1505 1104 1568 ut
1119 1494 1281 1592 proposi·

237 1618 298 1680 tus
312 1606 499 1703 cylindrus
514 1604 563 1680 ad
577 1606 779 1703 sphaeramt
796 1604 930 1679 deiude
942 1606 1042 1681 iuter
1051 1607 1282 1683 altitudinem

236 1718 394 1816 cylindri
411 1719 591 1816 assumpti
608 1731 648 1792 et
663 1717 886 1792 diametrum
903 1718 1062 1816 sphaerae
1085 1721 1281 1817 proposita

236 1846 279 1905 ut
297 1832 624 1906 invenianturduoe
637 1830 770 1906 mediae
779 1831 1089 1928 proportionales.
1143 1832 1218 1909 Sed
1231 1833 1281 1907 iu·

236 1945 363 2018 venire
380 1945 478 2019 inter
494 1944 587 2019 duas
604 1956 726 2019 rectas
742 1943 850 2018 datas
866 1943 959 2019 duas
974 1944 1118 2021 mediae
1135 1970 1281 2045 propor-

235 2058 402 2147 tionales,
434 2058 600 2132 nondum
633 2068 714 2131 erat
743 2056 945 2153 cognitum.
997 2056 1043 2131 Id
1070 2082 1149 2155 quo
1174 2070 1279 2157 pacto

236 2172 300 2245 fiat
319 2171 567 2245 demonstravi
584 2194 654 2267 ego
671 2169 710 2243 iu
728 2192 809 2265 cap.
827 2170 936 2265 hujus
954 2167 1016 2243 vii.

286 2307 344 2359 vr.
372 2282 593 2381 Superficies
609 2281 764 2379 sphaerae
779 2281 931 2377 aequalis
953 2292 1012 2354 est
1028 2293 1195 2378 quatuor
1215 2284 1278 2357 cir·

235 2399 329 2472 culis
348 2398 386 2472 in
404 2397 533 2471 eadem
551 2397 697 2492 sphaera
714 2394 894 2468 maximis.

286 2511 384 2585 Nam
418 2510 450 2583 si
482 2534 591 2583 arcus
625 2508 847 2582 semicirculi
881 2508 942 2581 EF
975 2507 1277 2583 circumvolvatur

236 2646 470 2720 superarem
487 2621 560 2711 EF,
578 2622 643 2694 fiet
660 2622 811 2718 sphaerae
828 2621 1052 2718 superficies.
1094 2623 1127 2695 Α
1148 2636 1274 2719 puncto

235 2739 264 2811 F
280 2737 329 2811 ad
345 2736 681 2810 circumferentiam
700 2735 857 2808 ducatur
873 2746 1064 2831 utcunque
1091 2748 1197 2809 recta
1215 2735 1273 2808 Fl:

237 2862 276 2926 et
293 2876 316 2925 a
331 2862 472 2948 puncto
490 2850 507 2923 I
526 2849 684 2922 ducatur
701 2861 805 2921 recta
822 2849 876 2921 IK
890 2848 1067 2944 parallelo
1084 2848 1273 2935 lacertae,

234 2987 363 3038 secans
380 2961 716 3036 circumferentiam
733 2961 771 3033 in
791 2961 825 3033 K
844 2974 882 3033 et
900 2984 1006 3033 axem
1023 2961 1064 3033 iu
1081 2961 1126 3035 L.
1169 2963 1274 3035 Erunt

235 3077 362 3173 anguli
379 3075 427 3149 ad
445 3076 476 3148 L
493 3075 609 3148 recti:
636 3087 675 3147 et
693 3085 734 3145 ut
758 3073 818 3146 FL
835 3073 882 3146 ad
911 3073 972 3163 LI,
992 3075 1044 3146 ita
1067 3075 1142 3149 erit
1166 3076 1215 3149 Ll
1237 3071 1273 3147 ad

236 3190 316 3264 LE:
343 3202 381 3264 et
397 3203 441 3263 ut
459 3189 504 3262 ΕΙ
524 3188 571 3261 ad
589 3188 659 3275 FL,
678 3190 731 3259 ita
749 3186 819 3259 erit
843 3187 892 3259 ΕΙ
912 3186 959 3259 ad
979 3186 1056 3276 EL,
1074 3201 1226 3285 propter
1239 3186 1272 3259 si·

233 3305 337 3378 milia
353 3302 539 3398 triangula
556 3301 648 3390 Ful,
663 3300 756 3373 ELI.
808 3301 906 3373 Dum
924 3313 1049 3373 autem
1077 3302 1273 3375 semicircu-

234 3417 291 3492 lus
308 3417 469 3491 volvitur
485 3439 595 3511 super
613 3437 719 3487 axem
742 3414 815 3502 EF,
834 3412 1057 3486 describitur
1073 3439 1098 3487 a
1114 3411 1272 3512 puuctol

234 3531 393 3605 circulus
412 3531 465 3603 IK
491 3529 530 3601 iu
547 3528 701 3624 sphaerae
719 3527 924 3623 superficie.
977 3528 1102 3625 Atque
1128 3529 1183 3602 ita
1199 3549 1271 3602 cou-

234 3645 367 3739 tinget‚
399 3643 437 3715 in
466 3664 686 3737 quocunque
716 3652 856 3736 puncto
887 3640 1197 3717 circumferentiae
1225 3639 1271 3714 ΒΕ

234 3766 421 3829 statuatur
438 3766 616 3851 punctum
633 3754 662 3826 Ι.
715 3752 789 3826 Sed
802 3766 845 3826 ut
863 3753 921 3826 FE
936 3754 984 3827 ad
997 3754 1059 3828 LE
1076 3755 1133 3829 ita
1148 3770 1205 3830 est
1216 3754 1271 3828 cir·

234 3869 339 3942 culus
357 3892 466 3965 super
483 3868 542 3942 FE
560 3868 608 3941 ad
625 3868 802 3941 circulum
819 3891 929 3964 super
944 3867 1017 3941 LE.
1071 3870 1168 3944 Sunt
1188 3868 1271 3944 euim

235 3982 363 4056 circuli
381 3983 418 4054 in
441 3981 628 4077 duplicata
644 3981 788 4055 ratione
806 3979 1005 4053 radiorum.

286 4096 471 4172 Quoniam
489 4119 578 4191 ergo
599 4119 729 4169 omnes
756 4095 947 4192 perimetri
975 4096 1030 4169 IK
1055 4095 1201 4170 faciunt
1224 4117 1273 4167 su·

233 4211 422 4306 perficiem
440 4209 606 4305 sphaerae‚
624 4220 663 4282 et
680 4232 807 4281 omnes
831 4221 940 4281 rectae
958 4208 1013 4280 lK
1040 4208 1186 4282 faciunt
1214 4208 1273 4280 cir·

235 4325 359 4397 culum
378 4322 523 4411 GEHF,
542 4322 614 4395 erit
631 4323 842 4418 superficies
860 4320 1015 4418 sphaerae
1033 4321 1081 4393 ad
1108 4320 1275 4395 circulum

235 4436 380 4525 GEHF,
398 4436 436 4509 iu
455 4435 641 4532 duplicata
658 4436 801 4509 ratione
819 4434 897 4507 aris
914 4435 975 4507 EF
993 4433 1042 4507 ad
1055 4434 1200 4507 radium
1216 4432 1276 4506 cir·

234 4551 309 4625 culi
326 4550 471 4639 GEHF,
490 4550 677 4623 semissem
695 4549 809 4647 ipsius
826 4549 898 4622 EF.
952 4546 1027 4622 Sed
1045 4548 1205 4623 circulus
1223 4545 1276 4619 de·
