2656 5136
185 617 259 683 316
597 631 815 687 PRAEFATIO

183 822 264 872 sum
287 797 536 894 progreditur,
560 823 670 897 quem
694 800 735 874 in
754 799 976 875 universalia
1001 802 1241 880 theoremata

183 911 386 985 contrahit:
405 923 448 985 ut
461 915 539 1009 jam
556 936 681 989 errare
697 926 857 1012 nequeat
873 915 913 989 in
926 915 1184 1007 discurrendo,
1204 918 1240 993 si

181 1025 332 1098 nomina
349 1025 474 1099 omnia
491 1038 612 1101 certas
635 1027 707 1102 sibi
729 1027 892 1101 habeant
913 1029 1117 1103 substratas
1140 1030 1240 1106 ima

180 1138 401 1234 giomiones,
418 1139 633 1236 priusquam
649 1140 689 1214 in
707 1139 914 1215 orationem
929 1140 1191 1217 admittantur.

233 1251 344 1325 Quod
361 1250 392 1324 si
410 1251 578 1326 dicamur
593 1252 818 1328 universalia
834 1254 1053 1351 intelligere,
1063 1255 1237 1354 nihilque

181 1364 231 1438 sit
259 1364 466 1438 universale
493 1377 631 1464 praeter
655 1389 803 1460 nomen,
828 1366 1034 1441 intellectio
1056 1392 1134 1442 non
1161 1371 1237 1444 erit

179 1479 343 1575 ipsarum
357 1502 495 1569 rerum,
508 1480 576 1555 sed
592 1480 797 1568 nominum,
811 1491 850 1554 et
863 1481 1040 1555 orationis
1053 1504 1100 1555 ex
1113 1483 1237 1557 nomi·

178 1591 288 1665 nibus
305 1592 532 1689 compositae.
572 1591 686 1670 Quod
702 1591 852 1690 quidem
868 1616 1005 1667 nomen
1022 1593 1234 1691 intelligere

179 1702 374 1796 dicimus*,
393 1729 478 1779 cum
495 1730 542 1780 ex
557 1706 749 1781 auditione
757 1705 817 1779 vel
833 1705 994 1780 lectione
1007 1706 1106 1781 illius
1123 1732 1234 1783 revo-

179 1827 287 1890 catur
299 1817 516 1914 imaginatio
530 1829 803 1916 propterquam
815 1840 951 1892 nomen
965 1818 1057 1893 illud
1069 1819 1234 1896 inditum

178 1930 1234 2028 est:quemadmodumetpropositionem‚cumexauditu

178 2044 369 2118 reducitur
386 2046 426 2118 in
451 2044 669 2120 memoriam
684 2044 895 2141 subjectum
912 2046 992 2141 ejus
1010 2069 1076 2119 seu
1092 2070 1232 2121 nomen

179 2157 403 2232 antecedens
415 2157 861 2254 contineriinpraedicato
872 2157 949 2231 sive
960 2171 1231 2255 consequente:

178 2270 237 2343 vel
248 2294 383 2345 nomen
394 2270 579 2368 posterius
591 2270 693 2346 omui
706 2269 761 2343 rei
773 2271 971 2344 convenire
981 2272 1042 2344 cui
1053 2273 1234 2347 convenit

177 2407 315 2457 nomen
332 2385 506 2480 primum.

231 2498 331 2570 Hinc
365 2498 460 2571 ratio
494 2496 630 2570 dicitur
663 2496 821 2570 facultas
847 2495 1115 2594 syllogisondi,
1143 2523 1231 2572 cum

178 2610 413 2683 ratiocinatio
449 2612 497 2683 sit
527 2611 703 2683 continua
729 2611 1023 2706 propositionum
1051 2611 1088 2683 in
1114 2634 1231 2686 unam

178 2747 359 2798 summam
385 2724 567 2813 collectio,
585 2724 644 2797 vel
670 2723 831 2797 calculus
857 2725 1066 2797 nominum:
1095 2728 1232 2820 quaesi

176 2837 364 2933 pertinent
381 2835 429 2909 ad
445 2859 632 2925 numeros,
646 2835 902 2917 arithmetica:
929 2837 961 2908 si
977 2837 1025 2909 ad
1042 2837 1232 2932 magnitu-

177 2948 293 3036 dineS,
310 2949 539 3045 geometria:
565 2949 597 3023 si
613 2949 661 3023 ad
680 2972 802 3033 sonos,
820 2949 961 3021 musica
978 2962 1230 3045 comparatur.

178 3061 253 3136 Ubi
282 3062 526 3158 supponenda
554 3075 656 3136 recta
684 3062 933 3149 ratiocinatio,
964 3088 1046 3160 quae
1077 3088 1230 3139 sumens

176 3174 321 3248 initium
339 3176 386 3249 ab
404 3187 579 3250 accurata
596 3174 787 3248 nominum
801 3175 1044 3271 explicatione
1058 3179 1230 3272 procedit

175 3311 243 3384 per
261 3288 524 3385 syllogismum,
543 3313 609 3363 seu
632 3289 847 3363 continuam
865 3312 1034 3361 verarum
1058 3293 1230 3386 proposi-

175 3401 319 3474 tionum
338 3401 624 3475 connexionem:
651 3402 713 3499 qui
740 3426 931 3497 processus
949 3402 1067 3474 oritur
1084 3427 1106 3474 a
1124 3417 1231 3477 recta

175 3514 402 3603 ratione,seu
414 3515 644 3610 potentiaita
654 3514 879 3611 procedendi
892 3516 1228 3610 quotiesvolumuS,

175 3649 287 3722 quam
316 3627 585 3701 ratiocinandi*
613 3652 809 3724 possumus
836 3628 1134 3702 infallibilitatem
1163 3654 1229 3728 ap-

174 3740 323 3835 pellare.

226 3854 371 3928 Quibus
384 3853 433 3927 ad
449 3854 627 3949 potentiae
645 3854 907 3950 cognoscitivae
925 3866 1095 3926 naturam
1110 3856 1228 3949 expli-

175 3965 331 4039 candam
342 3966 483 4062 positis
498 3966 636 4063 aliquid
649 3966 695 4038 de
710 3968 899 4040 voluntate
913 3967 1228 4063 facultatibusque

174 4078 319 4151 motivis
345 4077 554 4151 dicendum.
607 4079 770 4152 Primum
801 4079 925 4175 igitur,
953 4090 1074 4152 motus
1104 4103 1227 4176 usque

173 4190 220 4264 ad
246 4216 312 4265 cor
336 4204 562 4289 propagatus
587 4215 634 4265 ex
660 4192 893 4287 objectorum
918 4193 1064 4266 actione
1089 4193 1228 4269 dicitur

628 4485 645 4518 ⁶
669 4482 727 4544 Sic.
