2656 5136
201 664 274 730 366
617 679 819 732 HISTORIA

198 842 234 908 N
235 866 277 909 on
290 841 462 909 intellectae
477 842 600 930 periore
610 842 747 911 Patr-um
760 845 910 922 rationes,

242 941 384 1008 Haeresis
399 951 433 1008 et
446 941 548 1009 crevit
561 951 653 1010 tanto
668 943 793 1009 Ariana
806 944 917 1032 magis.

198 1041 223 1106 J
225 1065 316 1107 ussus
332 1049 353 1079 “
365 1041 718 1129 Ahaeterno-genitum
728 1045 746 1074 ”
766 1044 794 1109 si
807 1043 937 1120 dixeris,
952 1042 1069 1128 ecquid

240 1139 427 1228 (Multoties
440 1141 604 1227 repetens)
617 1141 758 1229 concipis
771 1142 847 1209 inde
861 1141 930 1209 rei?

198 1243 264 1304 Sec.
288 1236 356 1320 Qui
369 1240 523 1324 possum?
568 1238 707 1326 Superat
721 1251 852 1326 coptum
866 1240 1028 1327 generatio
1043 1239 1172 1308 Christi

240 1336 408 1416 Nostrum,
424 1360 489 1423 qua
498 1336 590 1404 Deus
603 1348 662 1417 est,
673 1349 776 1424 utque
790 1350 870 1426 puto
885 1340 1091 1427 Angelicum.
1183 1343 1252 1406 620

201 1435 265 1503 Sed
279 1459 408 1523 possum
418 1438 528 1522 jussus
541 1460 607 1504 nou
621 1439 846 1506 contradicere.
891 1439 1029 1506 Possum

243 1535 392 1614 Credere,
408 1536 435 1602 si
449 1536 574 1603 dederit
587 1538 645 1623 qui
655 1539 751 1624 jubet
764 1539 832 1625 ipse
846 1539 952 1605 fidem.

199 1635 259 1699 Pr.
283 1634 375 1701 Dicit
389 1635 591 1715 Aristoteles,
607 1638 675 1703 Eos
688 1647 730 1703 est
743 1637 908 1704 donatia:
929 1637 1043 1704 dicunt

241 1732 398 1801 Doctores
412 1736 524 1814 nostri,
539 1737 627 1822 quod
640 1737 732 1804 Deus
745 1749 796 1804 est
809 1737 940 1814 Deitas3

199 1832 305 1918 Inque
319 1834 391 1901 Deo
408 1834 543 1922 Sapiens
560 1834 734 1922 Sapientia,
749 1836 832 1902 velle
846 1837 956 1902 volens
970 1846 1037 1913 est3

243 1932 404 2019 Quodque
418 1934 490 2001 Deo
504 1934 605 2001 tribui
619 1934 743 2013 debeat,
757 1934 792 2000 id
806 1934 897 2000 Deus
911 1946 970 2001 est.

200 2031 307 2114 Quem
321 2043 412 2120 potes
426 2057 467 2100 ex
478 2035 584 2101 verbis
597 2034 644 2101 sio
652 2034 775 2121 junctis
789 2034 933 2121 sculpere
947 2035 1104 2100 sensum?

242 2134 307 2198 Soc.
331 2133 444 2200 Audio
458 2136 565 2212 verba,
580 2156 684 2200 meras
694 2135 750 2201 sed
763 2133 857 2200 video
870 2136 1026 2200 tenebras.

199 2231 294 2297 Tunc
308 2231 424 2299 Fidem
440 2232 563 2301 Christi
575 2233 751 2300 stabilitam
764 2233 882 2299 dixeris
896 2255 964 2299 esse

241 2330 401 2418 Principis
415 2332 556 2419 imperiis
570 2331 748 2420 ingeniisve
766 2332 912 2410 Petrum,
1185 2336 1254 2397 630

199 2429 265 2496 Per
277 2452 362 2496 nova
375 2431 531 2517 prolatum
545 2432 592 2496 nil
607 2431 819 2518 significantia
832 2434 939 2508 verba,

242 2530 289 2595 Et
303 2553 376 2615 quae
391 2530 507 2597 divinis
522 2542 599 2597 sunt
612 2532 716 2597 aliena
730 2531 844 2596 libris?

198 2628 310 2695 Istane
324 2640 512 2716 perpetuam
526 2640 699 2716 procurant
713 2631 832 2695 credita
846 2630 956 2706 vitam,

243 2727 479 2814 Perpetuamve
493 2729 617 2795 dabunt
631 2729 693 2794 ista
708 2739 823 2815 negata
837 2730 985 2794 crucem?

200 2828 368 2912 Antiquos
382 2826 542 2893 Dominus
554 2851 611 2893 nos
621 2828 718 2914 jussit
733 2827 819 2893 adire
834 2826 1013 2912 prophetas,

243 2925 328 2993 Cum
344 2925 387 2991 sit
401 2926 552 2992 salvatrix
567 2927 641 2992 inde
656 2927 794 3013 petenda
808 2926 916 2991 Fides.

201 3024 242 3090 In
258 3025 374 3092 Veteri
389 3049 477 3092 sacro
487 3027 647 3115 legitume
663 3028 805 3092 Esseatia
821 3027 927 3091 libro?

243 3124 338 3192 Non:
362 3149 468 3210 neque
482 3127 641 3213 repperies
656 3127 732 3192 talia
746 3128 845 3192 verba
860 3127 960 3190 Novo.

199 3223 235 3289 N
236 3249 288 3291 am
302 3247 408 3310 neque
423 3224 572 3292 Christus
583 3249 631 3304 eo,
647 3226 767 3291 Christi
782 3248 840 3290 neo
855 3224 1033 3310 Apostolus
1048 3244 1188 3307 usquam

243 3324 338 3390 More
352 3325 442 3409 loqui
452 3326 559 3411 jussit,
571 3326 656 3391 sicve
666 3326 820 3410 loquutus
835 3337 914 3389 erat.
1184 3328 1253 3389 640

200 3425 375 3511 Progenies
390 3424 426 3488 N
426 3425 517 3490 oachi
529 3425 574 3491 sic
588 3436 638 3491 est
652 3426 785 3490 sortasse
800 3425 943 3509 loquuta,

242 3525 338 3590 Tune
350 3547 423 3589 cum
438 3534 597 3591 cessarent
610 3525 766 3590 aedificare
788 3523 898 3590 Babel.

202 3623 267 3692 Sed
281 3624 377 3689 missa
391 3624 460 3690 haec
474 3625 576 3690 facio:
600 3625 744 3690 desidero
760 3645 899 3707 namque
914 3622 991 3707 quid
1006 3631 1112 3686 actum
1128 3632 1180 3687 est

246 3723 345 3800 Scire,
361 3722 447 3807 quod
462 3722 631 3788 haeresium
646 3732 770 3808 spectat
784 3722 824 3786 ad
839 3722 1013 3786 historiam.

200 3820 265 3888 Dic
279 3845 366 3887 nuuc
381 3844 461 3906 quas
476 3821 539 3888 isto
553 3821 723 3905 signarunt
737 3821 865 3886 nomine
880 3820 995 3885 Patres

244 3920 425 3998 Doctrinae,
441 3930 475 3987 et
490 3944 562 4006 quae
574 3944 667 4006 poena
681 3930 803 3985 statuta
814 3920 939 4004 quibus.

200 4021 261 4085 Pr.
287 4019 485 4084 Haereticum
497 4020 599 4105 primo
614 4019 747 4095 faciunt,
760 4018 817 4102 qui
831 4018 935 4084 dicere
949 4016 1063 4092 nullos,

245 4121 316 4184 Aut
327 4143 392 4184 uno
407 4119 514 4204 plures
529 4118 649 4184 auserit
663 4141 731 4183 esse
745 4118 842 4183 Deos.

202 4217 275 4283 Hoc
289 4219 491 4304 expellebant
505 4218 633 4283 decreto
648 4216 859 4283 idololatriam

242 4316 394 4395 Manetis‚
409 4339 513 4381 rerum
529 4315 784 4402 principiumque
798 4315 940 4401 duplum.
1184 4318 1254 4379 650

201 4414 400 4482 Haereticum
415 4415 538 4481 faciunt
553 4414 609 4500 qui
623 4416 780 4480 mundum
794 4414 913 4481 dixerit
927 4435 995 4478 esse

241 4515 437 4592 AEternum3
460 4515 571 4582 aeterni
587 4514 709 4600 quique
723 4539 803 4602 opus
818 4537 886 4581 esse
900 4522 1016 4599 negat:
