2656 5136
291 652 530 709 nancradus
551 656 739 710 oerrcus.
961 642 1030 711 231

47 832 181 895 actam
200 819 284 894 sore
300 820 385 912 EM,
404 846 537 921 nempe
552 826 736 922 jacentem
760 827 798 898 in
826 826 906 922 ipso
923 826 1034 922 plano
1069 849 1179 954 app-pp

47 2876 223 2950 Quoniam
255 2878 353 2951 enim
382 2877 539 2975 angulus
574 2877 672 2952 AEL
701 2889 757 2951 est
785 2877 1028 2968 semi-rectus,

47 3013 55 3062 ι
88 3014 238 3087 quoqne
269 2991 364 3065 CED
399 2993 649 3066 semi-rectus:
681 3003 718 3064 et
753 2991 839 3088 quia
872 2993 1028 3086 angulus

48 3104 80 3177 D
116 3116 174 3176 est
204 3116 339 3194 rectus,
375 3107 446 3179 erit
481 3106 577 3180 CDE
611 3105 850 3178 semi-rectus,
904 3105 1028 3179 Quare

47 3229 97 3290 tae
114 3216 192 3305 CD,
204 3218 265 3291 ΟΕ
284 3233 370 3292 sunt
387 3219 559 3316 aequales,
600 3218 666 3292 Est
679 3242 768 3314 ergo
787 3215 921 3290 CDEH
942 3242 1029 3313 qua·

47 3343 144 3419 tum,
162 3342 200 3403 et
226 3345 270 3404 ut
298 3331 366 3405 CH
386 3332 565 3407 diameter
592 3332 640 3405 ad
668 3331 732 3404 (Η)
755 3330 862 3417 latus,
880 3331 933 3402 ita
951 3331 1028 3418 (Η),

56 3443 139 3532 ΑΒ,
149 3444 209 3516 vel
222 3444 306 3533 ΕΗ,
318 3445 366 3518 ad
377 3445 443 3521 CK
456 3448 515 3522 vel
533 3445 621 3520 KH.
661 3443 887 3542 Supponitur
904 3457 1027 3517 autem

47 3580 219 3654 *gressum
232 3558 325 3632 lueis
338 3559 376 3632 in
390 3561 511 3634 medio
518 3559 744 3633 rarohabere
752 3557 1028 3653 proportionem

47 3693 282 3768 progressum
300 3672 339 3744 in
358 3671 484 3760 denso,
506 3697 614 3769 quam
646 3671 757 3744 habet
785 3669 963 3743 diameter
980 3672 1029 3745 ad

47 3807 94 3873 rs,
127 3783 199 3857 hoc
233 3795 300 3873 est,
336 3783 413 3876 CD,
447 3785 506 3858 vel
539 3784 623 3872 ΕΗ,
651 3784 709 3856 vel
742 3783 821 3866 AB,
855 3783 903 3855 ad
938 3784 1024 3856 KH.

47 3895 144 3969 ando
166 3920 255 3992 ergo
279 3898 458 3970 terminus
480 3897 572 3971 lucis
589 3897 623 3968 Α
641 3907 697 3969 est
723 3897 761 3968 in
788 3896 831 3984 E,
849 3897 1028 3970 terminus

48 4010 126 4107 qui,
144 4010 175 4081 si
188 4008 348 4082 medium
366 4035 442 4082 non
458 4023 552 4083 esset
570 4023 763 4097 mutatum,
778 4009 930 4084 deberet
947 4035 1028 4085 esse

47 4123 90 4208 H,
108 4122 300 4195 immersus
324 4123 575 4218 profunditate
594 4122 685 4217 KH)
716 4122 786 4195 erit
804 4134 1028 4219 propagatus

51 4235 102 4321 N,
125 4235 177 4307 ita
200 4249 243 4307 ut
270 4236 503 4332 profunditas
527 4238 605 4332 ejus
627 4238 702 4309 sive
731 4236 907 4308 distantia
931 4238 1029 4308 inter

62 4362 100 4421 et
118 4349 199 4439 GN,
224 4374 357 4445 nempe
383 4351 696 4447 perpendicularis
719 4349 790 4439 EF,
809 4351 856 4423 sit
879 4348 1028 4445 aequalis

47 4475 91 4533 tae
109 4462 186 4548 CD,
204 4462 262 4536 vel
287 4462 369 4553 ΕΗ,
387 4465 446 4537 vel
464 4464 543 4537 AB.
594 4463 660 4538 Est
688 4477 813 4536 autem
835 4463 900 4535 AB
928 4462 1029 4534 linea

47 4574 86 4646 is.
142 4574 266 4650 Quare
284 4577 394 4651 etiam
413 4577 473 4650 EF
490 4589 545 4651 est
564 4575 662 4654 linea
679 4577 771 4651 lucis
789 4585 1026 4675 propagata.
