2656 5136
334 39 1241 463 -η

127 641 201 720 370
540 662 743 717 nrsroura

171 819 353 907 Scripturas
367 825 502 889 verbum
516 827 574 911 qui
587 838 686 913 neget
699 849 767 893 esse
779 826 857 905 Dei,

126 920 300 987 Consilium
317 921 452 987 Patrum
466 924 613 1009 periisset
626 925 905 1012 philosophorum,

168 1020 297 1104 Resque
311 1020 423 1108 ignota
436 1021 520 1088 foret
533 1022 699 1109 spirituale
713 1023 829 1091 forum.
1131 1036 1187 1097 tto

126 1118 215 1205 Ergo
229 1118 343 1185 Fidem
359 1121 500 1188 tenebris
513 1122 618 1188 visum
633 1134 683 1189 est
696 1124 861 1190 involvere
876 1124 1009 1205 densis,

169 1216 299 1301 Proque
314 1218 377 1284 Dei
392 1222 489 1286 verbo
503 1222 639 1287 subdere
653 1224 751 1289 verba
763 1246 840 1288 sua:

127 1316 178 1382 Ut
191 1315 246 1393 sic,
262 1317 338 1383 dum
353 1340 445 1405 reges
459 1331 586 1406 regeret
602 1318 769 1407 Scriptura
781 1321 909 1401 fideles,

172 1414 370 1501 Scripturam
384 1429 545 1505 regerent,
560 1429 599 1485 ut
614 1419 752 1498 voluere,
765 1419 898 1487 Patres.

126 1513 255 1579 Primus
269 1515 310 1579 ad
324 1515 492 1602 imperium
506 1519 592 1584 clero
605 1517 670 1585 suit
683 1518 736 1585 his
749 1519 882 1605 graclus,
899 1522 998 1589 unde

170 1613 267 1680 Sacra
281 1614 392 1681 vident
405 1616 531 1702 placitis
546 1617 675 1683 subdita
691 1616 819 1705 Scripta
838 1619 921 1685 suis.

124 1715 187 1779 Sec.
210 1713 274 1778 Dic
288 1713 377 1793 mihi,
392 1735 489 1800 quam
503 1739 631 1782 eausam
645 1717 755 1803 populi
769 1719 945 1785 conversio
961 1722 1067 1801 tanti,

168 1812 317 1899 Regibus
332 1813 452 1891 invitis,
467 1826 534 1881 tam
550 1815 749 1901 celeremque
763 1815 907 1883 habuit?

127 1912 187 1981 Pr.
211 1912 372 1999 Imprimis
387 1914 475 1991 feeit,
490 1938 660 1981 numeroso
674 1915 803 2001 cognitu
816 1925 918 1995 teste,

168 2011 283 2079 Occiso
298 2012 438 2079 Domino
452 2014 577 2080 reddita
586 2014 653 2080 vita
666 2014 781 2080 fidem:
1135 2025 1193 2087 teo

125 2111 213 2176 Tum
228 2111 314 2196 quod
329 2123 378 2179 tot
394 2112 544 2180 Christus
558 2113 711 2178 miracula
725 2114 847 2179 fecerat
861 2113 947 2201 ipse,

168 2210 339 2295 Tantaque
353 2210 500 2297 discipuli
515 2222 582 2277 tam
596 2210 767 2277 manifesta
780 2209 846 2275 sui:

127 2308 288 2395 Quodque
302 2333 392 2375 suam
406 2308 510 2376 lucem
526 2309 649 2378 Christi
663 2310 809 2376 doctrina
823 2309 958 2378 serebat

170 2407 296 2486 Secum,
312 2419 479 2494 cogentem
494 2409 699 2497 simplicitate
713 2433 779 2475 sua.

125 2508 224 2574 Adde
239 2507 325 2592 quod
339 2508 380 2572 ad
395 2507 561 2575 Christum
576 2509 694 2595 populo
710 2509 861 2575 veniebat
876 2512 921 2576 ab
937 2513 1047 2590 omni,

170 2605 206 2674 Si
220 2607 273 2673 cui
287 2607 420 2674 sacrifici
435 2631 500 2672 non
515 2609 662 2694 placuere
677 2608 737 2672 sui.

126 2705 343 2772 Israelitarum
358 2707 403 2771 sic
418 2729 552 2792 regnum
569 2705 735 2772 transtulit
749 2705 824 2770 elim

168 2805 286 2871 Festus
301 2804 468 2870 Elidarum
477 2807 611 2891 junctus
627 2805 779 2870 avarities.

125 2904 235 2970 Turba
249 2904 399 2988 frequens
414 2914 482 2969 erat
497 2905 574 2981 haec,
589 2915 623 2969 et
638 2903 774 2969 habebat
794 2900 931 2967 nomine
946 2907 1062 2974 multa

168 3003 343 3081 Nobilium,
360 3014 451 3069 notos
466 3004 650 3088 divitiisque
665 3003 758 3068 siros.
1132 3016 1193 3077 790

124 3103 240 3168 Traxit
255 3114 288 3168 ct
302 3103 356 3187 (ut
369 3103 453 3178 dixi)
469 3103 588 3168 multos
602 3101 742 3186 aequatio
758 3099 841 3171 vitae,

168 3202 346 3288 Mensaque
360 3202 536 3268 communis
551 3202 642 3287 queis
657 3212 725 3266 erat
740 3223 804 3265 una
818 3195 929 3264 Fides.

124 3300 248 3380 Doctis,
264 3303 408 3379 indoctis,
424 3304 496 3369 tidis
511 3303 604 3369 simul
620 3297 834 3372 assimulatis,

167 3403 251 3469 Haeo
265 3405 461 3491 paupertatis
476 3405 570 3469 dulce
583 3403 729 3467 levamen
745 3407 822 3464 erat

125 3499 330 3569 Crescentem
344 3525 513 3568 numerum
524 3504 591 3586 jam
607 3523 671 3566 non
687 3499 857 3563 mirabere:
884 3517 1033 3583 namque

168 3601 278 3668 Crevit
293 3624 368 3667 vera
382 3600 489 3679 Fides,
507 3599 762 3686 Hypoorisisquo
778 3591 883 3661 simul.

124 3699 275 3785 Denique
290 3723 433 3765 summus
447 3699 548 3765 honor
562 3698 665 3763 doctis
679 3698 745 3762 fuit
759 3698 792 3760 in
807 3714 907 3780 grege
924 3689 1079 3765 Christi:

170 3798 314 3864 Maxima
329 3797 528 3865 Christicolis
543 3797 612 3861 haec
627 3795 691 3860 suit
705 3793 844 3860 ambitio.

126 3897 190 3961 Sed
205 3897 291 3980 quod
305 3920 369 3961 non
385 3896 513 3962 suerent
527 3895 649 3971 eadem,
665 3905 698 3960 at
713 3889 874 3960 contraria
889 3890 992 3970 docti,

168 3996 367 4081 Principium
383 3995 520 4082 primum
536 3994 700 4061 seditionis
715 4003 792 4059 erat
1123 4003 1190 4063 800

126 4101 191 4163 Sec.
216 4094 306 4178 Quos
320 4096 430 4161 doctos
445 4097 578 4159 narres?
601 4093 762 4176 Quoniam
777 4112 836 4156 neo
854 4089 1036 4174 Apostolus
1054 4096 1156 4176 ullus,

169 4194 394 4279 Discipulusvc
409 4193 482 4269 suit,
499 4192 585 4276 quod
606 4193 681 4268 scio,
696 4185 911 4277 philosophus.

126 4298 186 4359 An
200 4294 317 4378 quibus
331 4294 495 4380 ingenium
510 4295 605 4357 breve
620 4303 699 4368 erat,
715 4291 770 4357 sod
784 4288 884 4355 barbo
899 4288 1089 4373 profundu3

170 4393 315 4477 Quorum
331 4415 422 4478 asper
436 4415 549 4469 sermo,
565 4391 688 4456 lubrica
701 4390 768 4456 vita
783 4387 866 4459 suit3

125 4495 172 4560 Et
186 4515 267 4578 quos
282 4490 321 4556 ed
336 4491 464 4557 fraudes
478 4491 646 4556 damnarat
660 4489 765 4554 inedia
782 4486 870 4560 viles,

168 4594 219 4659 Re
234 4591 359 4669 stultos,
375 4591 455 4658 salso
470 4590 598 4658 nomine
613 4586 837 4675 philosophos?
