2656 5136
420 668 755 723 accrasrasrrca
1031 645 1106 725 407

64 833 205 920 Exurgit
219 833 369 898 damnata
383 833 491 910 Fides,
506 834 663 900 clamante
678 833 834 910 Luthero,

109 932 176 1014 Qui
190 956 306 1018 magno
320 932 454 1018 populos
468 943 613 1018 permeat
626 956 680 998 ore
694 934 847 1017 loquens:

64 1032 267 1116 Disciditque
282 1032 359 1097 locis
375 1032 446 1118 plus
461 1043 590 1098 centum
605 1032 686 1098 retia
701 1033 810 1119 Papae,

109 1132 216 1196 Texta
230 1155 249 1195 a
263 1131 432 1207 nobilibus,
449 1131 504 1196 sed
519 1132 600 1196 mule
615 1141 706 1197 texta
716 1132 840 1198 scholia

67 1231 162 1295 Unde
177 1240 256 1314 quat
271 1228 369 1314 elapsi
383 1252 484 1315 reges,
499 1232 658 1314 urbesque
674 1240 830 1315 petentes,

107 1329 221 1415 Papali
236 1339 367 1414 portant
380 1328 481 1393 libera
495 1329 576 1393 colla
585 1330 683 1414 jugo:
1022 1326 1109 1393 2180
1135 1371 1139 1379 ·

66 1429 172 1511 Quam
187 1430 230 1493 sit
244 1428 364 1512 ubique
378 1428 445 1493 sere
461 1426 559 1512 Papae
576 1449 662 1491 nune
677 1438 769 1492 tensa
782 1436 932 1513 potestas,

108 1528 224 1593 Dicere
240 1551 304 1592 uon
320 1550 399 1612 opus
414 1537 464 1592 est
478 1526 642 1611 pluribus:
666 1526 734 1612 ipse
748 1526 846 1592 videa

65 1629 129 1692 See.
155 1627 251 1709 Quod
266 1636 366 1691 restat
380 1626 482 1691 video.
530 1624 593 1691 Sed
608 1635 642 1690 te
657 1626 729 1691 volo
744 1649 845 1713 pauca
858 1648 980 1714 rogare,

107 1727 154 1792 Et
169 1726 373 1812 respondebis
389 1736 426 1790 tu
441 1724 599 1791 brevitate
614 1735 681 1790 tua.

66 1826 179 1893 Gloria
195 1835 263 1890 erat
278 1824 439 1910 quondam
450 1824 589 1888 Romani
604 1822 748 1909 praesulis
762 1823 895 1912 ingens:

110 1924 255 1991 Calcavit
270 1923 405 2009 pedibus
420 1922 509 2009 regia
523 1923 604 1988 colla
618 1922 692 1988 suis

65 2022 158 2088 Illius
173 2022 333 2088 innumeri
348 2045 440 2109 reges
454 2022 604 2088 mandata
618 2023 800 2100 manebunt,

108 2122 155 2187 Et
169 2145 280 2210 regum
297 2122 440 2187 cicurum
455 2121 538 2186 bella
551 2121 684 2208 gerebat
697 2144 767 2208 cpe.

66 2223 116 2288 Ut
131 2222 156 2288 J
158 2222 236 2299 ovis,
252 2221 338 2286 illius
353 2231 511 2286 tremuere
526 2221 567 2286 ad
581 2221 717 2286 fulmina
730 2231 853 2308 gentes,

112 2322 209 2389 Sacro
223 2322 360 2408 figentes
375 2321 483 2387 oscula
496 2320 613 2387 blanda
627 2321 709 2407 pedi.
1027 2324 1111 2388 2190
1188 2377 1190 2381 .

68 2423 208 2488 Divitias
222 2422 325 2487 omnis
339 2423 474 2508 cogebat
488 2431 604 2487 ventus
618 2421 659 2486 ad
672 2421 773 2498 illum,

110 2521 262 2609 Frigidus
277 2520 396 2597 Eurus,
413 2519 505 2599 Afer,
521 2521 697 2606 Vesperus,
713 2532 747 2587 et
761 2521 891 2588 Boreas.

67 2622 128 2688 Ille
144 2622 255 2687 sedens
269 2629 352 2685 nutu
367 2620 504 2686 librabat
518 2631 635 2687 cuneta
649 2621 797 2686 verendo.

112 2721 207 2803 Quod
222 2728 348 2786 curaret
362 2730 432 2784 erat
445 2732 561 2805 praeter
574 2720 662 2785 hiare
678 2720 768 2785 nihil.

68 2820 166 2884 Adde
182 2819 267 2903 quod
283 2819 403 2884 intuto
418 2819 483 2883 fuit
495 2819 543 2882 illi
558 2829 649 2884 tanta
662 2828 823 2905 potestas3

114 2918 149 2984 Si
164 2929 254 3003 potes
270 2918 303 2981 in
317 2917 411 2982 terris
426 2917 504 3001 quid
519 2918 650 3003 repirire
664 2928 780 2983 ratum.

71 3017 184 3081 Stabat
199 3038 336 3100 namque
352 3037 449 3102 super
462 3016 617 3101 populum
632 3015 767 3081 fundata
780 3015 960 3081 volentem:

114 3115 210 3197 Quod
225 3138 291 3179 non
306 3115 370 3179 fert
384 3114 531 3200 populus,
546 3113 573 3179 si
588 3116 670 3180 bene
680 3116 823 3199 junctus,
839 3115 944 3181 onus?

70 3215 122 3278 At
136 3214 289 3300 papulum
305 3236 400 3277 sensu
413 3211 537 3277 varium
552 3235 603 3277 res
616 3212 711 3278 unica
720 3211 841 3298 jungit,

112 3314 211 3380 Jussa
226 3314 275 3378 sui
289 3312 373 3399 regis
384 3312 473 3395 jussa
486 3321 600 3397 putare
615 3311 689 3378 Dei.
1027 3316 1113 3376 2200

68 3414 93 3480 J
95 3438 168 3479 ussa
183 3413 246 3478 Dei
261 3412 388 3498 pupulis
402 3434 475 3476 cum
490 3411 576 3477 salus
591 3410 682 3497 Papa
696 3409 828 3489 ferebat,

112 3514 158 3578 Et
172 3512 361 3579 credebatur
375 3511 432 3576 vix
446 3511 550 3575 minor
564 3532 633 3576 esse
647 3510 737 3577 Deo:

71 3613 153 3694 Quis
167 3621 294 3676 tautum
310 3609 488 3695 imperium,
504 3620 571 3674 tam
585 3608 650 3675 fido
664 3609 766 3674 milite
780 3609 910 3688 fultum,

112 3712 207 3796 Rupe
223 3711 320 3775 situm
336 3710 428 3787 celsa,
444 3732 535 3795 posse
546 3709 649 3794 perire
663 3710 781 3795 putet?

70 3810 194 3874 Verum
210 3834 295 3874 nuuc
310 3809 416 3874 miuus
431 3820 488 3874 cst
535 3808 760 3894 Quodcunque
774 3809 936 3876 attriverit
949 3820 1035 3888 aetus,

114 3909 259 3973 Tandem
273 3920 307 3974 et
321 3908 476 3985 conficiet,
493 3909 589 3973 dente
603 3908 679 3974 licet
693 3907 800 3974 tacita.

71 4008 255 4092 Magnaque
264 4007 454 4094 jampridem
470 4007 565 4092 periit
579 4031 651 4092 pars
666 4031 741 4073 ense
756 4017 878 4074 resecta

114 4107 343 4183 blachummet‚
360 4129 455 4190 quam
471 4130 557 4172 nune
573 4107 712 4174 Tureiea
725 4108 817 4173 Luna
832 4107 924 4195 regit.

71 4208 150 4273 Pars
167 4229 293 4291 quoque
309 4206 427 4271 defecit
441 4206 542 4272 doctis
557 4208 695 4272 abducta
708 4207 847 4273 Lutheri

115 4306 259 4391 Scriptis,
275 4305 331 4389 qui
346 4328 469 4370 servam
483 4307 587 4372 uoluit
602 4331 669 4373 esse
685 4308 713 4371 F
715 4308 808 4373 idem.
1026 4311 1112 4373 2210

70 4406 201 4490 Longos
216 4428 297 4490 saepe
311 4404 379 4469 dies
394 4404 461 4470 sine
476 4406 594 4471 solibus
608 4406 655 4472 ire
669 4406 823 4484 videmus,

114 4503 305 4587 Cunctaque
319 4513 473 4589 perpetua
488 4504 601 4590 sydera
616 4507 701 4571 nube
716 4505 801 4591 tegi:

72 4606 177 4686 Quum
196 4602 251 4669 Sel
265 4627 341 4668 mox
356 4603 440 4669 altus
456 4614 626 4688 penetrans
641 4604 840 4671 vibrantibus
855 4604 950 4670 armis
