2656 5136
62 825 147 867 νηοὶ).
162 826 192 866 v.

54 893 198 929 κ-Ὺ-ν

241 624 313 691 226
540 638 780 693 TRACTATUS
801 639 990 694 ormena.

239 816 283 878 ut
299 805 359 877 vio
376 827 449 901 qua
464 816 588 879 motus
605 816 843 904 propagatur,
860 806 898 880 in
917 831 991 905 qua
1015 805 1153 881 eadem
1170 803 1281 879 omnia

240 919 414 993 accidunt
429 919 539 992 lateri
554 919 634 1010 AB,
646 943 728 1016 quae
744 919 851 993 lateri
870 920 947 994 CD.
980 921 1081 995 Nam
1095 931 1137 994 et
1148 930 1281 993 utrum-

241 1056 311 1128 que
344 1032 441 1106 latus
475 1045 531 1107 est
558 1033 862 1130 perpendiculare
890 1032 940 1106 ad
1101 1096 1115 1129 ,
1200 1116 1213 1143 ¹
1254 1117 1265 1146 c

239 1146 389 1243 planum
418 1146 496 1233 BD,
518 1158 558 1220 et
589 1146 740 1244 aequalis
766 1160 825 1221 est
849 1170 939 1244 ope-
1062 1184 1077 1213 a
1166 1174 1179 1205 a
1257 1224 1269 1251 Β

239 1258 940 1349 ratioabAadB‚etaCadD,rel
971 1147 1206 1399 *Vs*

239 1397 262 1446 a
286 1385 365 1447 tota
383 1373 449 1446 Ac
470 1372 519 1446 ad
538 1383 656 1447 totum
684 1372 763 1447 BD.
816 1372 942 1448 Quare
1210 1254 1217 1497 Ι

240 1508 344 1582 aeque
378 1484 610 1561 considerare
640 1499 782 1559 motum
811 1510 942 1583 possu·

240 1624 322 1672 mus
347 1600 386 1672 in
408 1600 487 1687 AB,
503 1599 563 1674 vel
591 1598 630 1673 in
657 1599 735 1686 CD,
761 1597 822 1674 vel
848 1599 886 1672 in
917 1609 999 1672 totu
1026 1595 1132 1671 linea
1146 1595 1278 1671 nucu.

240 1713 437 1787 Possumus
454 1735 543 1809 ergo
561 1711 795 1786 considerare
814 1711 959 1787 rodium
976 1710 1115 1784 ABCD
1138 1709 1217 1783 sine
1236 1709 1280 1783 lo-

240 1826 411 1912 titudine,
428 1826 500 1900 hoo
517 1837 633 1900 estut
649 1825 748 1900 lineo
763 1824 1039 1899 mathematica
1087 1820 1165 1897 Sed
1179 1823 1218 1897 in
1232 1823 1280 1897 io·

239 1940 402 2015 cidentia
419 1939 578 2037 obliqua,
594 1939 659 2012 ubi
676 1939 844 2036 operatio
862 1939 908 2012 ab
923 1935 1014 2011 Fad
1026 1934 1185 2034 planum
1199 1935 1278 2010 inll

239 2056 278 2128 in
295 2053 427 2150 majori
444 2065 501 2127 est
517 2051 695 2127 distamia
711 2077 822 2150 quam
838 2054 886 2127 ab
903 2054 935 2126 E
952 2051 993 2125 in
1009 2050 1060 2141 G,
1078 2074 1157 2125 non
1172 2060 1281 2148 potest

239 2167 465 2242 considerari
482 2167 614 2241 EFGH
633 2179 676 2240 ut
701 2166 801 2241 linea
816 2165 1105 2241 mathematicaz
1132 2164 1219 2262 quia
1235 2161 1279 2237 sio

240 2281 537 2355 consideraretur
577 2280 639 2355 EF
678 2292 721 2355 ut
759 2290 940 2378 punctum
973 2277 1279 2363 mathematicum,

240 2394 339 2492 quod
357 2406 483 2467 tamen
500 2393 757 2467 consideratur
773 2416 848 2465 uno
866 2391 1027 2465 termino
1045 2390 1194 2488 operari
1212 2388 1280 2462 lou·

240 2508 323 2604 gius
346 2531 455 2603 quam
479 2505 608 2595 altero,
627 2507 698 2579 hoe
723 2518 790 2593 est,
813 2504 1072 2579 consideratur
1088 2515 1132 2576 ut
1155 2502 1278 2576 habens

241 2621 430 2708 terminos,
447 2620 518 2692 hoo
536 2632 605 2709 est,
623 2644 698 2693 uon
715 2632 758 2693 ut
774 2631 965 2716 puuctum.
1007 2617 1141 2713 Itaque
1159 2616 1191 2690 si
1207 2638 1277 2688 eou-

241 2734 485 2807 sideraremus
502 2733 635 2805 lineam
653 2733 799 2831 oblique
815 2732 1053 2809 ,incidentem
1083 2741 1127 2804 ut
1153 2728 1278 2803 mathe-

241 2847 426 2935 maticam,
445 2846 758 2920 consideraremus
786 2846 847 2919 EF
872 2857 916 2919 ut
942 2858 1129 2942 punctum
1156 2857 1194 2917 et
1215 2863 1277 2915 nou

241 2970 432 3057 punctum,
451 2958 550 3056 quod
568 2973 624 3033 est
641 2960 854 3034 absurdum.

645 3226 890 3299 Postulotum.

294 3392 536 3481 Postulamus,
555 3391 673 3463 latera
699 3390 793 3463 radii
821 3390 921 3464 exire
947 3413 970 3462 a
991 3389 1093 3462 linea
1111 3409 1192 3483 quae
1211 3383 1274 3477 ipo

243 3505 435 3600 conjungit
451 3504 499 3576 ad
512 3503 666 3599 angulos
684 3514 817 3592 rectos,
836 3502 946 3577 modo
964 3502 1039 3576 sint
1063 3511 1103 3575 et
1125 3500 1232 3573 latera
1245 3503 1273 3565 et

242 3616 340 3690 linea
366 3616 459 3689 lucis
486 3616 525 3688 in
549 3615 680 3690 eodem
710 3616 844 3690 medio.
898 3615 1069 3712 Exempli
1096 3612 1222 3710 gratia,
1235 3604 1272 3678 sit

242 3729 367 3803 radius
401 3729 550 3802 luminis
579 3730 724 3819 ABCD,
754 3730 859 3824 cujus
893 3729 1011 3802 latera
1111 3734 1125 3762 ¹
1233 3726 1244 3755 ¹

242 3855 329 3915 sunt
342 3843 410 3915 AD
429 3855 468 3916 et
483 3843 556 3932 BC,
574 3842 672 3916 linea
689 3855 813 3917 autem
830 3868 912 3939 quae
930 3843 1012 3940 ipsa
1110 3898 1121 3925 ,-
1216 3884 1228 3911 0
1253 3838 1263 3867 '

243 3957 436 4052 conjungit
453 3957 531 4046 AB,
550 3981 661 4053 quam
686 3957 822 4030 lineam
841 3981 933 4030 voco
962 3955 1010 4030 li·
1065 3779 1249 4154 ss

241 4097 347 4148 neam
371 4072 479 4147 lucia.
532 4074 681 4148 Postulo
699 4075 759 4148 hic
777 4074 870 4148 nihil
896 4074 1009 4164 aliud,

243 4213 354 4286 quam
367 4200 409 4261 ut
427 4188 590 4262 lucidum
608 4201 782 4286 operetur
800 4189 889 4262 totis
905 4188 1068 4264 viribus:
1087 4215 1173 4266 nam
1188 4192 1216 4266 si
1229 4190 1267 4264 la·

240 4315 322 4377 tera
339 4302 432 4376 radii
450 4303 593 4375 exirent
610 4304 656 4375 ab
674 4303 740 4375 AB
757 4303 856 4376 linea
872 4302 965 4376 lucis
982 4303 1143 4402 oblique,
1166 4316 1205 4379 ut
1218 4301 1267 4377 ΑΕ

242 4429 280 4490 et
299 4418 370 4506 BF,
389 4441 464 4489 uon
481 4427 609 4513 ageret
635 4416 798 4490 lucidum
824 4415 914 4490 totis
931 4415 1084 4507 viribuS,
1102 4420 1166 4495 sed
1182 4414 1268 4492 dimi·

242 4531 353 4621 nutis,
373 4555 417 4604 ea
434 4529 576 4605 scilicet
593 4529 737 4605 ratione
752 4554 862 4627 quam
878 4528 992 4604 habet
1010 4531 1079 4607 AG
1096 4532 1144 4607 ad
1160 4530 1229 4606 ΑΒ.
