2656 5136
403 987 574 1055 eurum
596 949 775 1056 Panrrs

140 1160 418 1232 DOCTRINAE
439 1163 777 1234 WALLISIANAE
799 1165 864 1231 DE
888 1165 1028 1234 MOTU

322 1325 593 1404 CENSURA
631 1328 856 1407 BREVIS.

64 1645 192 1722 Quum
211 1645 349 1721 misisti
365 1645 457 1720 mihi
480 1644 660 1721 lohannis
682 1646 839 1721 Wallisii
862 1648 1026 1721 libellum
1053 1646 1114 1720 De

65 1756 172 1837 Motu
188 1758 336 1856 perlegi
355 1758 564 1856 diligenter.
616 1757 792 1834 Continet
809 1772 933 1834 autem
958 1762 1115 1857 primam

64 1885 220 1969 partem,
237 1896 376 1969 nempe
394 1872 602 1947 doctrinam
620 1870 667 1948 de
685 1872 818 1947 Libra.
870 1874 1034 1971 Reliquae
1052 1900 1115 1948 ex-

64 1997 273 2082 pectantur.
327 1984 473 2060 Quaeris
490 1987 579 2083 quid
596 2010 764 2060 censeam
783 1987 828 2061 de
845 1988 996 2084 prima‘
1028 1988 1115 2061 Nou

66 2097 198 2195 placet
253 2098 353 2174 Quae
370 2098 470 2173 clara
485 2110 584 2191 sunt,
602 2101 780 2186 obscura;
807 2101 967 2175 obscura
983 2101 1115 2174 obscu-

65 2212 161 2289 riora
172 2211 276 2286 facit.
842 2227 851 2243 ’

112 2324 296 2399 Methodo
314 2323 463 2422 quidem
479 2336 585 2399 recta
606 2325 735 2416 utitur,
752 2326 957 2424 procedens
979 2352 1002 2400 a
1025 2325 1116 2400 defi-

67 2439 281 2531 nitionibus,
299 2438 368 2513 sed
387 2439 551 2513 vitiosis:
578 2452 617 2513 et
639 2463 795 2536 quarum
822 2441 953 2538 aliquae
976 2441 1025 2514 ad
1051 2439 1116 2514 de-

67 2553 375 2645 monstrationem
400 2552 539 2626 nullam
567 2552 734 2626 adhiberi
763 2565 930 2650 possunt,
950 2553 1051 2651 quod
1075 2564 1115 2626 et

66 2665 184 2764 ipsum
199 2665 378 2740 vitiosum
395 2677 462 2738 est.
515 2665 637 2762 Hujus
653 2666 799 2763 generis
817 2677 873 2742 est
889 2667 1010 2764 prima
1034 2668 1114 2740 haec

67 2778 298 2859 cumaea.

459 2952 682 3005 nummulo
702 2953 731 3005 1.

74 3083 78 3091 '
204 3080 433 3156 Meclauiea
448 3090 507 3155 erl
521 3082 734 3181 geometria
757 3082 805 3156 de
817 3091 925 3155 matu.

112 3219 218 3297 Quid
233 3208 325 3293 hinc
342 3218 469 3293 inferri
492 3230 615 3315 potest
632 3220 734 3318 quod
751 3220 935 3294 conducat
958 3218 1007 3291 ad
1030 3216 1117 3291 doc·¹
1149 3245 1307 3288 nannum

67 3334 199 3408 trinam
217 3332 267 3406 da
284 3330 405 3405 Libra
416 3336 448 3431 l¹
473 3331 719 3429 Etymologia,
733 3346 789 3404 ἀπὸ
803 3351 851 3418 τῆς
863 3350 1003 3424 μηχανῆς,
1010 3355 1119 3428 quor·
1157 3328 1301 3433 „L

66 3470 145 3521 sum
178 3443 346 3524 attinet?
407 3446 493 3520 Quo
529 3445 685 3520 authore
726 3444 943 3542 geometra?
1007 3445 1119 3519 “Sed

68 3558 201 3658 quid”,
234 3559 392 3657 inquies,
430 3559 601 3634 “accidit
634 3559 869 3648 incommodi,
901 3558 932 3632 si
962 3556 1118 3633 doceare

68 3675 186 3771 obiter
202 3671 485 3772 grammaticam
497 3672 534 3745 ?”
585 3673 637 3746 At
655 3673 693 3745 in
716 3672 787 3746 hac
804 3696 948 3770 quoque
971 3673 1116 3769 ineptit,

67 3786 280 3861 mechanica
310 3785 436 3861 diceus
469 3785 509 3859 iu
537 3784 742 3885 singulari,
771 3795 809 3859 cl
840 3785 1052 3859 mechanica
1079 3787 1119 3859 iu

62 3899 220 3997 plurali,
237 3907 280 3972 ul
296 3907 335 3972 el
353 3897 480 3997 logica
505 3898 544 3971 iu
560 3897 763 3997 singulari,
782 3908 820 3972 el
836 3898 962 3998 logica
979 3899 1017 3972 ia
1027 3899 1119 3997 plu·

68 4011 320 4113 raliperiude
336 4035 443 4085 esse:
468 4036 553 4086 cum
570 4012 800 4084 notissimum
825 4013 873 4086 sit
895 4013 943 4086 ad
969 4012 1117 4086 mecha-

68 4128 185 4201 nicam
200 4137 240 4200 et
254 4125 412 4221 logicam
428 4126 465 4197 in
484 4125 660 4222 singulari
679 4125 899 4199 subaudire*
911 4139 1050 4211 artem;
1069 4127 1118 4200 ad

67 4242 280 4315 mechanica
298 4251 336 4313 et
362 4239 481 4336 logica
504 4240 543 4311 in
568 4239 700 4335 plurali
724 4239 880 4336 intelligi
899 4265 1023 4336 opera,
1039 4252 1117 4312 stu-

68 4354 134 4445 dia,
152 4358 414 4442 instrumenta,
432 4353 491 4426 vel
509 4353 647 4448 aliquid
661 4352 790 4426 simile.

200 4596 208 4604 .
255 4595 284 4605 ‚J
324 4602 327 4606 .
434 4539 726 4616 ‚⁴'SlQ0tilllfille
923 4617 926 4621 .
1012 4618 1055 4624 ..

949 4643 1002 4693 na
