2692 4792
76 236 122 300 92

75 452 229 525 rumque
246 428 428 525 principia
445 437 483 501 et
498 427 739 500 fundamenta
756 427 849 500 adeo
867 427 941 500 alte
960 425 1109 500 defossa
1124 441 1217 517 suut,

75 563 217 660 acquiri
230 576 397 659 possunt.

128 696 289 769 Nescitis
306 695 414 785 forte,
432 695 501 768 viri
524 694 669 785 excelsi,
688 694 750 792 qui
777 695 850 767 boo
871 717 1008 790 genere
1032 695 1223 791 sapientiae

77 828 257 926 nequead
273 828 429 926 gloriam
446 852 565 927 neque
583 829 631 903 ad
648 840 830 926 quaestum
847 827 1034 923 indigetis,
1046 828 1087 902 in
1105 829 1225 903 homi-

79 963 187 1036 nibus
205 961 285 1035 aliis
303 962 386 1036 duae
408 962 479 1035 illae
497 986 567 1052 res,
585 962 703 1061 gloria
726 976 766 1035 et
790 986 892 1058 opeS,
911 975 1051 1058 quanta
1072 963 1229 1059 pariunt

77 1097 280 1170 certamina
297 1097 540 1194 ingeniorum.
594 1096 705 1169 Scitis
722 1096 869 1192 quantis
887 1106 1033 1169 certant
1047 1096 1229 1170 conviciis

76 1217 296 1328 philosophi,
316 1243 354 1304 et
370 1255 480 1327 quam
498 1242 585 1304 sunt
601 1229 767 1303 convicia
793 1229 928 1302 civium
953 1229 1039 1325 paci
1063 1231 1228 1326 publicae

75 1365 236 1439 inimica.
297 1366 390 1439 Haec
413 1389 460 1438 ne
486 1367 591 1455 fiant,
619 1375 783 1438 vestrum
808 1375 865 1437 est
891 1388 967 1437 non
998 1366 1222 1440 certantium

74 1499 282 1596 probibere.
327 1499 437 1574 Quod
455 1498 602 1595 quidem
620 1499 690 1571 etsi
709 1498 754 1570 de
772 1478 918 1594 scriptis
932 1499 1010 1594 jam
1027 1510 1118 1572 ante
1136 1501 1220 1596 pub·

76 1634 197 1708 licatis
220 1658 330 1731 quam
347 1632 395 1706 ad
413 1657 479 1706 vos
495 1632 675 1721 ferantur,
693 1631 816 1705 facere
839 1631 1065 1728 impossibile
1084 1634 1153 1707 sit:
1179 1658 1219 1707 nc

74 1768 302 1864 recipiantur
334 1777 471 1857 tamen,
506 1790 599 1840 neve
634 1765 786 1838 avobis
821 1764 859 1837 in
894 1765 1217 1841 Transactionibus

75 1906 277 1979 scurrilitas
294 1905 370 1978 ulla
387 1916 452 1978 aut
476 1928 638 1978 scomma
654 1904 694 1977 in
717 1903 839 1976 lucem
856 1903 1025 1999 prodeat,
1043 1905 1217 2002 impedire

74 2038 182 2112 facile
201 2050 267 2112 est.
320 2039 422 2114 Quid
439 2039 538 2111 enim
556 2038 743 2111 hominem
766 2037 906 2133 ingenii
923 2037 1019 2111 recti
1043 2048 1220 2113 terreres

75 2175 270 2248 scribendo
291 2174 409 2270 magis
431 2185 567 2270 potest,
586 2198 698 2271 quam
726 2173 927 2246 obnoxium
950 2196 990 2246 se
1018 2172 1101 2248 fore
1129 2176 1218 2248 scire

77 2308 308 2383 contumeliis
321 2306 595 2381 aemulantium?
622 2306 869 2404 Philosophia,
880 2318 924 2381 ut
936 2318 1094 2395 crescat,
1106 2308 1219 2383 libera

77 2467 155 2517 esse
182 2443 304 2533 debet,
327 2466 397 2516 nec
420 2452 522 2516 metu
549 2464 618 2515 neo
644 2441 785 2538 pudore
813 2440 1031 2515 coercenda.
1086 2443 1220 2518 Lucem

77 2601 182 2652 suam
209 2577 428 2651 naturaliter
455 2587 630 2673 tanquam
664 2575 704 2648 in
734 2574 835 2647 silice
864 2574 1080 2648 conclusam
1114 2578 1220 2674 gerit.

77 2709 169 2785 Inde
195 2709 449 2807 frequentibus
475 2708 708 2805 ingeniorum
736 2706 987 2781 collisionibus
1012 2708 1220 2784 scintillula

75 2843 304 2917 excutiendae
317 2851 415 2930 sunt,
429 2865 513 2938 quae
529 2839 738 2913 foventibus
752 2841 855 2914 vobis
870 2840 1072 2915 clarissime
1087 2857 1127 2917 et
1139 2868 1221 2918 con·

75 2989 218 3052 stanter
236 3001 370 3074 magno
387 2975 534 3072 generis
551 2975 702 3047 humani
720 2974 914 3048 commodo
938 2986 977 3049 et
1002 2990 1221 3052 ornamento

74 3111 225 3185 tandem
253 3111 501 3184 collucebunt.
552 3109 675 3204 Atque
703 3106 777 3182 buo
802 3121 947 3205 spectat
975 3108 1038 3183 hic
1065 3108 1220 3202 libellus

75 3268 184 3344 quem
201 3245 305 3318 vobis
323 3245 436 3317 offero
454 3241 676 3337 dedicoque;
696 3243 734 3316 in
753 3266 826 3339 quo
844 3254 1039 3339 surgentes
1058 3268 1105 3318 ex
1122 3245 1220 3320 Wal-

73 3379 147 3453 lisii
165 3393 204 3454 et
222 3378 401 3452 Hobbesii
418 3376 667 3450 collisionibus
692 3376 908 3451 scintillulas
927 3377 1029 3451 vobis
1047 3378 1219 3455 ostendo:

73 3537 176 3610 quas,
195 3513 226 3586 si
242 3521 467 3601 mereantur,
484 3521 647 3584 vestrum
665 3522 723 3584 est
743 3509 880 3601 fovere,
899 3523 936 3584 et
962 3523 1140 3587 conatum
1157 3539 1219 3589 au·

73 3646 192 3721 thoris
210 3669 316 3742 aequo
334 3644 457 3718 animo
475 3644 642 3741 accipere
660 3645 965 3743 qualemcunque.

237 3855 507 3930 Celsitudinum
524 3865 729 3929 vestrarum
745 3878 870 3931 servus
882 3856 1112 3932 humillimus

1050 4055 1097 4134 R.
1126 4056 1168 4130 R.
