<?xml version="1.0" encoding="UTF-8"?>
<!DOCTYPE html PUBLIC "-//W3C//DTD XHTML 1.0 Transitional//EN"
    "http://www.w3.org/TR/xhtml1/DTD/xhtml1-transitional.dtd">
<html xmlns="http://www.w3.org/1999/xhtml" xml:lang="en" lang="en">
 <head>
  <title>
</title>
<meta http-equiv="Content-Type" content="text/html;charset=utf-8" />
  <meta name='ocr-system' content='tesseract 3.04.00' />
  <meta name='ocr-capabilities' content='ocr_page ocr_carea ocr_par ocr_line ocrx_word'/>
</head>
<body>
  <div class='ocr_page' id='page_1' title='image "./thomhobbesmalme00hobbgoog_0236.png"; bbox 0 0 2656 5136; ppageno 0'>
   <div class='ocr_carea' id='block_1_1' title="bbox 382 613 1123 680">
    <p class='ocr_par' dir='ltr' id='par_1_1' title="bbox 382 613 1123 680">
     <span class='ocr_line' id='line_1_1' title="bbox 382 613 1123 680; baseline 0 -2"><span class='ocrx_word' id='word_1_1' title='bbox 382 623 622 680; x_wconf 64' lang='lat' dir='ltr'><strong>sancturus</strong></span> <span class='ocrx_word' id='word_1_2' title='bbox 642 625 831 679; x_wconf 72' lang='lat' dir='ltr'><strong>opulens.</strong></span> <span class='ocrx_word' id='word_1_3' title='bbox 1052 613 1123 678; x_wconf 76' lang='lat'><strong>225</strong></span> 
     </span>
    </p>
   </div>
   <div class='ocr_carea' id='block_1_2' title="bbox 62 790 1298 3594">
    <p class='ocr_par' dir='ltr' id='par_1_2' title="bbox 62 790 1298 1434">
     <span class='ocr_line' id='line_1_2' title="bbox 62 790 1297 889; baseline -0.006 -25"><span class='ocrx_word' id='word_1_4' title='bbox 62 790 145 865; x_wconf 68' lang='lat' dir='ltr'><strong>AB.</strong></span> <span class='ocrx_word' id='word_1_5' title='bbox 204 791 249 865; x_wconf 89' lang='lat' dir='ltr'><strong>Si</strong></span> <span class='ocrx_word' id='word_1_6' title='bbox 268 791 385 885; x_wconf 88' lang='lat' dir='ltr'><strong>igitur</strong></span> <span class='ocrx_word' id='word_1_7' title='bbox 401 793 448 866; x_wconf 86' lang='lat' dir='ltr'><strong>ad</strong></span> <span class='ocrx_word' id='word_1_8' title='bbox 466 794 536 867; x_wconf 90' lang='lat' dir='ltr'><strong>GH</strong></span> <span class='ocrx_word' id='word_1_9' title='bbox 555 794 593 865; x_wconf 92' lang='lat' dir='ltr'><strong>in</strong></span> <span class='ocrx_word' id='word_1_10' title='bbox 612 792 759 889; x_wconf 88' lang='lat' dir='ltr'><strong>punctis</strong></span> <span class='ocrx_word' id='word_1_11' title='bbox 777 792 809 866; x_wconf 94' lang='lat' dir='ltr'>G</span> <span class='ocrx_word' id='word_1_12' title='bbox 826 802 865 865; x_wconf 91' lang='lat' dir='ltr'><strong>et</strong></span> <span class='ocrx_word' id='word_1_13' title='bbox 888 792 924 864; x_wconf 96' lang='lat' dir='ltr'>H</span> <span class='ocrx_word' id='word_1_14' title='bbox 944 790 1126 864; x_wconf 84' lang='lat' dir='ltr'><strong>ducantur</strong></span> <span class='ocrx_word' id='word_1_15' title='bbox 1167 818 1249 859; x_wconf 77' lang='lat' dir='ltr'><strong>mor.</strong></span> <span class='ocrx_word' id='word_1_16' title='bbox 1266 817 1297 858; x_wconf 70' lang='grc' dir='ltr'><strong>ιν</strong></span> 
     </span>
     <span class='ocr_line' id='line_1_3' title="bbox 65 891 1298 1006; baseline 0.002 -30"><span class='ocrx_word' id='word_1_17' title='bbox 65 905 402 1000; x_wconf 83' lang='lat' dir='ltr'>perpendiculares</span> <span class='ocrx_word' id='word_1_18' title='bbox 427 908 490 995; x_wconf 92' lang='lat' dir='ltr'><strong>Gl,</strong></span> <span class='ocrx_word' id='word_1_19' title='bbox 503 909 591 993; x_wconf 91' lang='lat' dir='ltr'><strong>HK,</strong></span> <span class='ocrx_word' id='word_1_20' title='bbox 614 908 684 981; x_wconf 90' lang='lat' dir='ltr'><strong>erit</strong></span> <span class='ocrx_word' id='word_1_21' title='bbox 707 930 921 1006; x_wconf 81' lang='lat' dir='ltr'><strong>progressus</strong></span> <span class='ocrx_word' id='word_1_22' title='bbox 946 907 1126 979; x_wconf 87' lang='lat' dir='ltr'><strong>directus:</strong></span> <span class='ocrx_word' id='word_1_23' title='bbox 1168 891 1298 920; x_wconf 51' lang='lat'><strong>⁹⁷⁹-</strong></span> 
     </span>
     <span class='ocr_line' id='line_1_4' title="bbox 67 1019 1126 1116; baseline 0.002 -26"><span class='ocrx_word' id='word_1_24' title='bbox 67 1032 105 1091; x_wconf 89' lang='lat' dir='ltr'><strong>et</strong></span> <span class='ocrx_word' id='word_1_25' title='bbox 124 1031 235 1092; x_wconf 92' lang='lat' dir='ltr'><strong>totus</strong></span> <span class='ocrx_word' id='word_1_26' title='bbox 253 1019 381 1093; x_wconf 88' lang='lat' dir='ltr'><strong>radius</strong></span> <span class='ocrx_word' id='word_1_27' title='bbox 399 1022 467 1094; x_wconf 91' lang='lat' dir='ltr'><strong>erit</strong></span> <span class='ocrx_word' id='word_1_28' title='bbox 492 1023 651 1116; x_wconf 88' lang='lat' dir='ltr'><strong>spatium</strong></span> <span class='ocrx_word' id='word_1_29' title='bbox 677 1021 889 1093; x_wconf 91' lang='lat' dir='ltr'><strong>conclusum</strong></span> <span class='ocrx_word' id='word_1_30' title='bbox 912 1020 1011 1092; x_wconf 84' lang='lat' dir='ltr'><strong>intra</strong></span> <span class='ocrx_word' id='word_1_31' title='bbox 1035 1021 1126 1116; x_wconf 86' lang='lat' dir='ltr'><strong>figu-</strong></span> 
     </span>
     <span class='ocr_line' id='line_1_5' title="bbox 68 1133 1127 1230; baseline 0.002 -26"><span class='ocrx_word' id='word_1_32' title='bbox 68 1155 149 1204; x_wconf 87' lang='lat' dir='ltr'><strong>ram</strong></span> <span class='ocrx_word' id='word_1_33' title='bbox 168 1133 454 1208; x_wconf 81' lang='lat' dir='ltr'><strong>ACGIKHDB.</strong></span> <span class='ocrx_word' id='word_1_34' title='bbox 506 1137 612 1208; x_wconf 89' lang='lat' dir='ltr'><strong>Patet</strong></span> <span class='ocrx_word' id='word_1_35' title='bbox 629 1159 717 1230; x_wconf 85' lang='lat' dir='ltr'><strong>ergo</strong></span> <span class='ocrx_word' id='word_1_36' title='bbox 735 1134 828 1207; x_wconf 89' lang='lat' dir='ltr'><strong>ratio</strong></span> <span class='ocrx_word' id='word_1_37' title='bbox 845 1134 996 1229; x_wconf 86' lang='lat' dir='ltr'><strong>physica</strong></span> <span class='ocrx_word' id='word_1_38' title='bbox 1014 1157 1127 1229; x_wconf 89' lang='lat' dir='ltr'><strong>quare</strong></span> 
     </span>
     <span class='ocr_line' id='line_1_6' title="bbox 69 1246 1127 1346; baseline 0.003 -29"><span class='ocrx_word' id='word_1_39' title='bbox 69 1246 200 1320; x_wconf 84' lang='lat' dir='ltr'><strong>radius</strong></span> <span class='ocrx_word' id='word_1_40' title='bbox 227 1248 458 1344; x_wconf 86' lang='lat' dir='ltr'><strong>refringitur,</strong></span> <span class='ocrx_word' id='word_1_41' title='bbox 481 1249 684 1323; x_wconf 84' lang='lat' dir='ltr'><strong>consistens</strong></span> <span class='ocrx_word' id='word_1_42' title='bbox 711 1248 750 1320; x_wconf 91' lang='lat' dir='ltr'><strong>in</strong></span> <span class='ocrx_word' id='word_1_43' title='bbox 776 1248 935 1346; x_wconf 93' lang='lat' dir='ltr'><strong>eoquod</strong></span> <span class='ocrx_word' id='word_1_44' title='bbox 966 1247 1127 1321; x_wconf 90' lang='lat' dir='ltr'><strong>medium</strong></span> 
     </span>
     <span class='ocr_line' id='line_1_7' title="bbox 72 1360 327 1434; baseline 0.004 -2"><span class='ocrx_word' id='word_1_45' title='bbox 72 1373 128 1432; x_wconf 88' lang='lat' dir='ltr'><strong>est</strong></span> <span class='ocrx_word' id='word_1_46' title='bbox 151 1360 327 1434; x_wconf 83' lang='lat' dir='ltr'><strong>biforme.</strong></span> 
     </span>
    </p>

    <p class='ocr_par' dir='ltr' id='par_1_3' title="bbox 76 1473 1129 3594">
     <span class='ocr_line' id='line_1_8' title="bbox 123 1473 1126 1573; baseline 0.001 -27"><span class='ocrx_word' id='word_1_47' title='bbox 123 1473 346 1551; x_wconf 83' lang='lat' dir='ltr'><strong>Notandum</strong></span> <span class='ocrx_word' id='word_1_48' title='bbox 364 1488 420 1548; x_wconf 91' lang='lat' dir='ltr'><strong>est</strong></span> <span class='ocrx_word' id='word_1_49' title='bbox 438 1499 580 1573; x_wconf 91' lang='lat' dir='ltr'><strong>quoque</strong></span> <span class='ocrx_word' id='word_1_50' title='bbox 598 1486 718 1548; x_wconf 86' lang='lat' dir='ltr'><strong>rectas</strong></span> <span class='ocrx_word' id='word_1_51' title='bbox 736 1474 806 1563; x_wconf 86' lang='lat' dir='ltr'><strong>LF,</strong></span> <span class='ocrx_word' id='word_1_52' title='bbox 821 1473 915 1562; x_wconf 92' lang='lat' dir='ltr'><strong>MH,</strong></span> <span class='ocrx_word' id='word_1_53' title='bbox 934 1474 1126 1570; x_wconf 89' lang='lat' dir='ltr'><strong>perpendi·</strong></span> 
     </span>
     <span class='ocr_line' id='line_1_9' title="bbox 76 1587 1128 1684; baseline 0.002 -26"><span class='ocrx_word' id='word_1_54' title='bbox 76 1587 220 1660; x_wconf 86' lang='lat' dir='ltr'><strong>culares</strong></span> <span class='ocrx_word' id='word_1_55' title='bbox 238 1587 289 1660; x_wconf 84' lang='lat' dir='ltr'><strong>ad</strong></span> <span class='ocrx_word' id='word_1_56' title='bbox 301 1587 378 1676; x_wconf 93' lang='grc' dir='ltr'>ΕΙ),</span> <span class='ocrx_word' id='word_1_57' title='bbox 397 1612 476 1661; x_wconf 90' lang='lat' dir='ltr'><strong>esse</strong></span> <span class='ocrx_word' id='word_1_58' title='bbox 493 1591 590 1661; x_wconf 89' lang='lat' dir='ltr'><strong>inter</strong></span> <span class='ocrx_word' id='word_1_59' title='bbox 607 1612 646 1661; x_wconf 89' lang='lat' dir='ltr'><strong>se</strong></span> <span class='ocrx_word' id='word_1_60' title='bbox 664 1587 843 1683; x_wconf 85' lang='lat' dir='ltr'><strong>aequales:</strong></span> <span class='ocrx_word' id='word_1_61' title='bbox 860 1587 959 1684; x_wconf 92' lang='lat' dir='ltr'><strong>quod</strong></span> <span class='ocrx_word' id='word_1_62' title='bbox 977 1587 1128 1661; x_wconf 91' lang='lat' dir='ltr'><strong>demon-</strong></span> 
     </span>
     <span class='ocr_line' id='line_1_10' title="bbox 77 1699 1128 1796; baseline 0.004 -26"><span class='ocrx_word' id='word_1_63' title='bbox 77 1711 194 1772; x_wconf 84' lang='lat' dir='ltr'><strong>strare</strong></span> <span class='ocrx_word' id='word_1_64' title='bbox 219 1722 297 1772; x_wconf 92' lang='lat' dir='ltr'><strong>uon</strong></span> <span class='ocrx_word' id='word_1_65' title='bbox 324 1716 380 1772; x_wconf 88' lang='lat' dir='ltr'><strong>est</strong></span> <span class='ocrx_word' id='word_1_66' title='bbox 406 1700 565 1785; x_wconf 89' lang='lat' dir='ltr'><strong>difficile,</strong></span> <span class='ocrx_word' id='word_1_67' title='bbox 585 1699 652 1773; x_wconf 90' lang='lat' dir='ltr'><strong>sed</strong></span> <span class='ocrx_word' id='word_1_68' title='bbox 668 1700 883 1772; x_wconf 88' lang='lat' dir='ltr'><strong>verbosum:</strong></span> <span class='ocrx_word' id='word_1_69' title='bbox 911 1722 956 1772; x_wconf 87' lang='lat' dir='ltr'><strong>ex</strong></span> <span class='ocrx_word' id='word_1_70' title='bbox 970 1723 1044 1796; x_wconf 94' lang='lat' dir='ltr'><strong>quo</strong></span> <span class='ocrx_word' id='word_1_71' title='bbox 1071 1724 1128 1774; x_wconf 89' lang='lat' dir='ltr'><strong>se-</strong></span> 
     </span>
     <span class='ocr_line' id='line_1_11' title="bbox 78 1812 1128 1911; baseline 0.005 -28"><span class='ocrx_word' id='word_1_72' title='bbox 78 1812 217 1906; x_wconf 89' lang='lat' dir='ltr'><strong>quitur,</strong></span> <span class='ocrx_word' id='word_1_73' title='bbox 245 1812 341 1886; x_wconf 90' lang='lat' dir='ltr'><strong>datis</strong></span> <span class='ocrx_word' id='word_1_74' title='bbox 371 1813 431 1886; x_wconf 90' lang='lat' dir='ltr'><strong>LF</strong></span> <span class='ocrx_word' id='word_1_75' title='bbox 459 1815 559 1911; x_wconf 85' lang='lat' dir='ltr'><strong>(quae</strong></span> <span class='ocrx_word' id='word_1_76' title='bbox 589 1824 646 1887; x_wconf 88' lang='lat' dir='ltr'><strong>est</strong></span> <span class='ocrx_word' id='word_1_77' title='bbox 676 1814 860 1908; x_wconf 81' lang='lat' dir='ltr'><strong>quantitas</strong></span> <span class='ocrx_word' id='word_1_78' title='bbox 889 1813 1128 1888; x_wconf 88' lang='lat' dir='ltr'><strong>demersionis</strong></span> 
     </span>
     <span class='ocr_line' id='line_1_12' title="bbox 79 1925 1129 2022; baseline 0.002 -26"><span class='ocrx_word' id='word_1_79' title='bbox 79 1925 226 1998; x_wconf 88' lang='lat' dir='ltr'><strong>termini</strong></span> <span class='ocrx_word' id='word_1_80' title='bbox 245 1925 336 1998; x_wconf 91' lang='lat' dir='ltr'><strong>Diu</strong></span> <span class='ocrx_word' id='word_1_81' title='bbox 355 1925 474 1999; x_wconf 92' lang='lat' dir='ltr'><strong>medio</strong></span> <span class='ocrx_word' id='word_1_82' title='bbox 493 1926 624 2018; x_wconf 89' lang='lat' dir='ltr'><strong>denso)</strong></span> <span class='ocrx_word' id='word_1_83' title='bbox 641 1937 679 1999; x_wconf 89' lang='lat' dir='ltr'><strong>et</strong></span> <span class='ocrx_word' id='word_1_84' title='bbox 696 1926 762 1998; x_wconf 83' lang='lat' dir='ltr'><strong>AB</strong></span> <span class='ocrx_word' id='word_1_85' title='bbox 784 1929 881 2022; x_wconf 86' lang='lat' dir='ltr'><strong>(quae</strong></span> <span class='ocrx_word' id='word_1_86' title='bbox 899 1927 1057 1999; x_wconf 88' lang='lat' dir='ltr'><strong>sumitur</strong></span> <span class='ocrx_word' id='word_1_87' title='bbox 1069 1951 1129 1999; x_wconf 92' lang='lat' dir='ltr'><strong>ar-</strong></span> 
     </span>
     <span class='ocr_line' id='line_1_13' title="bbox 80 2036 1127 2136; baseline 0.004 -28"><span class='ocrx_word' id='word_1_88' title='bbox 80 2036 188 2110; x_wconf 88' lang='lat' dir='ltr'><strong>bitrio</strong></span> <span class='ocrx_word' id='word_1_89' title='bbox 207 2051 336 2112; x_wconf 87' lang='lat' dir='ltr'><strong>nostro</strong></span> <span class='ocrx_word' id='word_1_90' title='bbox 355 2063 421 2134; x_wconf 94' lang='lat' dir='ltr'><strong>pro</strong></span> <span class='ocrx_word' id='word_1_91' title='bbox 445 2039 541 2113; x_wconf 87' lang='lat' dir='ltr'><strong>linea</strong></span> <span class='ocrx_word' id='word_1_92' title='bbox 561 2040 682 2131; x_wconf 87' lang='lat' dir='ltr'><strong>lucis),</strong></span> <span class='ocrx_word' id='word_1_93' title='bbox 700 2040 824 2112; x_wconf 88' lang='lat' dir='ltr'><strong>statim</strong></span> <span class='ocrx_word' id='word_1_94' title='bbox 853 2038 933 2111; x_wconf 91' lang='lat' dir='ltr'><strong>dari</strong></span> <span class='ocrx_word' id='word_1_95' title='bbox 962 2039 1032 2112; x_wconf 93' lang='lat' dir='ltr'><strong>GH</strong></span> <span class='ocrx_word' id='word_1_96' title='bbox 1060 2064 1127 2136; x_wconf 89' lang='lat' dir='ltr'><strong>pro</strong></span> 
     </span>
     <span class='ocr_line' id='line_1_14' title="bbox 80 2147 1129 2249; baseline 0.004 -27"><span class='ocrx_word' id='word_1_97' title='bbox 80 2147 175 2224; x_wconf 88' lang='lat' dir='ltr'><strong>linea</strong></span> <span class='ocrx_word' id='word_1_98' title='bbox 193 2151 289 2225; x_wconf 90' lang='lat' dir='ltr'><strong>lucis</strong></span> <span class='ocrx_word' id='word_1_99' title='bbox 305 2166 511 2249; x_wconf 84' lang='lat' dir='ltr'><strong>propagata</strong></span> <span class='ocrx_word' id='word_1_100' title='bbox 535 2154 575 2225; x_wconf 90' lang='lat' dir='ltr'><strong>iu</strong></span> <span class='ocrx_word' id='word_1_101' title='bbox 600 2152 761 2224; x_wconf 92' lang='lat' dir='ltr'><strong>medium</strong></span> <span class='ocrx_word' id='word_1_102' title='bbox 788 2152 955 2226; x_wconf 88' lang='lat' dir='ltr'><strong>densum.</strong></span> <span class='ocrx_word' id='word_1_103' title='bbox 1007 2152 1129 2226; x_wconf 87' lang='lat' dir='ltr'><strong>Ducta</strong></span> 
     </span>
     <span class='ocr_line' id='line_1_15' title="bbox 83 2264 1129 2363; baseline 0.005 -28"><span class='ocrx_word' id='word_1_104' title='bbox 83 2264 175 2336; x_wconf 92' lang='lat' dir='ltr'><strong>euim</strong></span> <span class='ocrx_word' id='word_1_105' title='bbox 195 2276 299 2337; x_wconf 88' lang='lat' dir='ltr'><strong>recta</strong></span> <span class='ocrx_word' id='word_1_106' title='bbox 317 2265 382 2337; x_wconf 81' lang='grc' dir='ltr'><strong>ΕΗ</strong></span> <span class='ocrx_word' id='word_1_107' title='bbox 401 2266 576 2361; x_wconf 87' lang='lat' dir='ltr'><strong>parallela</strong></span> <span class='ocrx_word' id='word_1_108' title='bbox 592 2266 639 2339; x_wconf 89' lang='lat' dir='ltr'><strong>ad</strong></span> <span class='ocrx_word' id='word_1_109' title='bbox 655 2267 735 2353; x_wconf 89' lang='grc' dir='ltr'>ΕΙ),</span> <span class='ocrx_word' id='word_1_110' title='bbox 753 2278 791 2338; x_wconf 91' lang='lat' dir='ltr'><strong>et</strong></span> <span class='ocrx_word' id='word_1_111' title='bbox 808 2266 993 2362; x_wconf 89' lang='lat' dir='ltr'><strong>applicata</strong></span> <span class='ocrx_word' id='word_1_112' title='bbox 1009 2265 1129 2363; x_wconf 86' lang='lat' dir='ltr'><strong>lougi-</strong></span> 
     </span>
     <span class='ocr_line' id='line_1_16' title="bbox 84 2376 1127 2471; baseline 0.003 -21"><span class='ocrx_word' id='word_1_113' title='bbox 84 2376 215 2450; x_wconf 85' lang='lat' dir='ltr'><strong>tudine</strong></span> <span class='ocrx_word' id='word_1_114' title='bbox 226 2376 306 2466; x_wconf 90' lang='grc' dir='ltr'><strong>ΑΒ,</strong></span> <span class='ocrx_word' id='word_1_115' title='bbox 325 2378 380 2450; x_wconf 88' lang='lat' dir='ltr'><strong>ita</strong></span> <span class='ocrx_word' id='word_1_116' title='bbox 395 2389 439 2452; x_wconf 92' lang='lat' dir='ltr'><strong>ut</strong></span> <span class='ocrx_word' id='word_1_117' title='bbox 455 2377 550 2452; x_wconf 89' lang='lat' dir='ltr'><strong>alter</strong></span> <span class='ocrx_word' id='word_1_118' title='bbox 573 2379 753 2451; x_wconf 89' lang='lat' dir='ltr'><strong>terminus</strong></span> <span class='ocrx_word' id='word_1_119' title='bbox 780 2380 829 2451; x_wconf 88' lang='lat' dir='ltr'><strong>sit</strong></span> <span class='ocrx_word' id='word_1_120' title='bbox 857 2379 895 2451; x_wconf 93' lang='lat' dir='ltr'><strong>in</strong></span> <span class='ocrx_word' id='word_1_121' title='bbox 922 2392 1024 2452; x_wconf 87' lang='lat' dir='ltr'><strong>recta</strong></span> <span class='ocrx_word' id='word_1_122' title='bbox 1049 2381 1127 2471; x_wconf 88' lang='grc' dir='ltr'>ΕΙ),</span> 
     </span>
     <span class='ocr_line' id='line_1_17' title="bbox 84 2491 1128 2590; baseline 0.003 -27"><span class='ocrx_word' id='word_1_123' title='bbox 84 2491 175 2564; x_wconf 86' lang='lat' dir='ltr'><strong>alter</strong></span> <span class='ocrx_word' id='word_1_124' title='bbox 191 2492 231 2564; x_wconf 90' lang='lat' dir='ltr'><strong>in</strong></span> <span class='ocrx_word' id='word_1_125' title='bbox 249 2491 329 2576; x_wconf 89' lang='lat' dir='ltr'><strong>FH,</strong></span> <span class='ocrx_word' id='word_1_126' title='bbox 343 2493 407 2565; x_wconf 89' lang='lat' dir='ltr'><strong>fiet</strong></span> <span class='ocrx_word' id='word_1_127' title='bbox 421 2492 491 2566; x_wconf 95' lang='lat' dir='ltr'><strong>GH</strong></span> <span class='ocrx_word' id='word_1_128' title='bbox 510 2492 608 2566; x_wconf 92' lang='lat' dir='ltr'><strong>linea</strong></span> <span class='ocrx_word' id='word_1_129' title='bbox 624 2492 717 2565; x_wconf 90' lang='lat' dir='ltr'><strong>lucis</strong></span> <span class='ocrx_word' id='word_1_130' title='bbox 730 2505 934 2589; x_wconf 87' lang='lat' dir='ltr'><strong>propagata</strong></span> <span class='ocrx_word' id='word_1_131' title='bbox 947 2517 1128 2590; x_wconf 89' lang='lat' dir='ltr'><strong>eousque:</strong></span> 
     </span>
     <span class='ocr_line' id='line_1_18' title="bbox 84 2604 1128 2702; baseline 0.004 -26"><span class='ocrx_word' id='word_1_132' title='bbox 84 2628 103 2676; x_wconf 86' lang='lat' dir='ltr'><strong>a</strong></span> <span class='ocrx_word' id='word_1_133' title='bbox 128 2629 204 2702; x_wconf 88' lang='lat' dir='ltr'><strong>qua</strong></span> <span class='ocrx_word' id='word_1_134' title='bbox 233 2604 355 2677; x_wconf 83' lang='lat' dir='ltr'><strong>ductae</strong></span> <span class='ocrx_word' id='word_1_135' title='bbox 383 2606 706 2702; x_wconf 84' lang='lat' dir='ltr'><strong>perpendiculares</strong></span> <span class='ocrx_word' id='word_1_136' title='bbox 736 2607 797 2697; x_wconf 89' lang='lat' dir='ltr'><strong>Gl,</strong></span> <span class='ocrx_word' id='word_1_137' title='bbox 818 2608 905 2696; x_wconf 89' lang='lat' dir='ltr'><strong>HK,</strong></span> <span class='ocrx_word' id='word_1_138' title='bbox 934 2607 1128 2702; x_wconf 86' lang='lat' dir='ltr'><strong>designant</strong></span> 
     </span>
     <span class='ocr_line' id='line_1_19' title="bbox 85 2718 1128 2816; baseline 0.004 -27"><span class='ocrx_word' id='word_1_139' title='bbox 85 2718 172 2792; x_wconf 88' lang='lat' dir='ltr'><strong>radii</strong></span> <span class='ocrx_word' id='word_1_140' title='bbox 185 2731 333 2815; x_wconf 86' lang='lat' dir='ltr'><strong>partem</strong></span> <span class='ocrx_word' id='word_1_141' title='bbox 345 2718 558 2793; x_wconf 71' lang='lat' dir='ltr'><strong>retractam.</strong></span> <span class='ocrx_word' id='word_1_142' title='bbox 612 2720 741 2816; x_wconf 89' lang='lat' dir='ltr'><strong>Neque</strong></span> <span class='ocrx_word' id='word_1_143' title='bbox 758 2718 872 2792; x_wconf 85' lang='lat' dir='ltr'><strong>refert</strong></span> <span class='ocrx_word' id='word_1_144' title='bbox 889 2720 937 2792; x_wconf 92' lang='lat' dir='ltr'><strong>ad</strong></span> <span class='ocrx_word' id='word_1_145' title='bbox 954 2721 1128 2793; x_wconf 88' lang='lat' dir='ltr'><strong>effectum</strong></span> 
     </span>
     <span class='ocr_line' id='line_1_20' title="bbox 83 2832 1127 2929; baseline 0.001 -25"><span class='ocrx_word' id='word_1_146' title='bbox 83 2832 323 2918; x_wconf 72' lang='lat' dir='ltr'><strong>retractionis,</strong></span> <span class='ocrx_word' id='word_1_147' title='bbox 340 2832 467 2929; x_wconf 92' lang='lat' dir='ltr'><strong>inqua</strong></span> <span class='ocrx_word' id='word_1_148' title='bbox 489 2846 594 2929; x_wconf 92' lang='lat' dir='ltr'><strong>parte</strong></span> <span class='ocrx_word' id='word_1_149' title='bbox 612 2844 723 2905; x_wconf 90' lang='lat' dir='ltr'><strong>rectae</strong></span> <span class='ocrx_word' id='word_1_150' title='bbox 736 2833 801 2905; x_wconf 93' lang='grc' dir='ltr'><strong>ΕΙ)</strong></span> <span class='ocrx_word' id='word_1_151' title='bbox 816 2844 999 2906; x_wconf 88' lang='lat' dir='ltr'><strong>statuatur</strong></span> <span class='ocrx_word' id='word_1_152' title='bbox 1015 2857 1127 2928; x_wconf 91' lang='lat' dir='ltr'><strong>puuc-</strong></span> 
     </span>
     <span class='ocr_line' id='line_1_21' title="bbox 82 2950 1126 3039; baseline 0 -17"><span class='ocrx_word' id='word_1_153' title='bbox 82 2963 157 3023; x_wconf 91' lang='lat' dir='ltr'><strong>tum</strong></span> <span class='ocrx_word' id='word_1_154' title='bbox 172 2951 216 3039; x_wconf 93' lang='lat' dir='ltr'><strong>G,</strong></span> <span class='ocrx_word' id='word_1_155' title='bbox 236 2975 321 3023; x_wconf 91' lang='lat' dir='ltr'><strong>cum</strong></span> <span class='ocrx_word' id='word_1_156' title='bbox 349 2960 428 3023; x_wconf 86' lang='lat' dir='ltr'><strong>tota</strong></span> <span class='ocrx_word' id='word_1_157' title='bbox 444 2952 521 3039; x_wconf 92' lang='grc' dir='ltr'>ΕΙ),</span> <span class='ocrx_word' id='word_1_158' title='bbox 541 2952 637 3023; x_wconf 89' lang='lat' dir='ltr'><strong>sicut</strong></span> <span class='ocrx_word' id='word_1_159' title='bbox 660 2961 698 3023; x_wconf 92' lang='lat' dir='ltr'><strong>et</strong></span> <span class='ocrx_word' id='word_1_160' title='bbox 721 2950 787 3023; x_wconf 82' lang='lat' dir='ltr'><strong>AB</strong></span> <span class='ocrx_word' id='word_1_161' title='bbox 804 2950 862 3022; x_wconf 84' lang='lat' dir='ltr'><strong>vel</strong></span> <span class='ocrx_word' id='word_1_162' title='bbox 885 2951 968 3039; x_wconf 90' lang='lat' dir='ltr'><strong>GH,</strong></span> <span class='ocrx_word' id='word_1_163' title='bbox 992 2950 1126 3022; x_wconf 90' lang='lat' dir='ltr'><strong>intelli-</strong></span> 
     </span>
     <span class='ocr_line' id='line_1_22' title="bbox 80 3063 1128 3160; baseline 0 -23"><span class='ocrx_word' id='word_1_164' title='bbox 80 3064 201 3160; x_wconf 84' lang='lat' dir='ltr'><strong>genda</strong></span> <span class='ocrx_word' id='word_1_165' title='bbox 217 3065 268 3137; x_wconf 90' lang='lat' dir='ltr'><strong>sit</strong></span> <span class='ocrx_word' id='word_1_166' title='bbox 286 3074 329 3136; x_wconf 95' lang='lat' dir='ltr'><strong>ut</strong></span> <span class='ocrx_word' id='word_1_167' title='bbox 345 3065 577 3138; x_wconf 90' lang='lat' dir='ltr'><strong>insensibilis.</strong></span> <span class='ocrx_word' id='word_1_168' title='bbox 621 3063 856 3137; x_wconf 89' lang='lat' dir='ltr'><strong>Commodius</strong></span> <span class='ocrx_word' id='word_1_169' title='bbox 875 3076 998 3136; x_wconf 86' lang='lat' dir='ltr'><strong>tamen</strong></span> <span class='ocrx_word' id='word_1_170' title='bbox 1011 3089 1128 3160; x_wconf 92' lang='lat' dir='ltr'><strong>pone-</strong></span> 
     </span>
     <span class='ocr_line' id='line_1_23' title="bbox 80 3177 1126 3273; baseline 0.001 -24"><span class='ocrx_word' id='word_1_171' title='bbox 80 3178 190 3251; x_wconf 90' lang='lat' dir='ltr'><strong>turG</strong></span> <span class='ocrx_word' id='word_1_172' title='bbox 213 3179 253 3251; x_wconf 89' lang='lat' dir='ltr'><strong>iu</strong></span> <span class='ocrx_word' id='word_1_173' title='bbox 281 3178 361 3273; x_wconf 89' lang='lat' dir='ltr'><strong>ipso</strong></span> <span class='ocrx_word' id='word_1_174' title='bbox 387 3189 526 3273; x_wconf 91' lang='lat' dir='ltr'><strong>puncto</strong></span> <span class='ocrx_word' id='word_1_175' title='bbox 551 3178 581 3249; x_wconf 88' lang='lat' dir='ltr'>E</span> <span class='ocrx_word' id='word_1_176' title='bbox 607 3191 646 3250; x_wconf 90' lang='lat' dir='ltr'><strong>et</strong></span> <span class='ocrx_word' id='word_1_177' title='bbox 673 3178 735 3249; x_wconf 92' lang='lat' dir='ltr'><strong>H:</strong></span> <span class='ocrx_word' id='word_1_178' title='bbox 764 3177 801 3248; x_wconf 91' lang='lat' dir='ltr'><strong>in</strong></span> <span class='ocrx_word' id='word_1_179' title='bbox 820 3202 863 3249; x_wconf 91' lang='lat' dir='ltr'><strong>ea</strong></span> <span class='ocrx_word' id='word_1_180' title='bbox 886 3188 991 3272; x_wconf 87' lang='lat' dir='ltr'><strong>parte</strong></span> <span class='ocrx_word' id='word_1_181' title='bbox 1014 3189 1126 3250; x_wconf 88' lang='lat' dir='ltr'><strong>rectae</strong></span> 
     </span>
     <span class='ocr_line' id='line_1_24' title="bbox 81 3290 1126 3389; baseline -0.002 -25"><span class='ocrx_word' id='word_1_182' title='bbox 81 3293 145 3365; x_wconf 86' lang='lat' dir='ltr'><strong>FH</strong></span> <span class='ocrx_word' id='word_1_183' title='bbox 175 3315 287 3389; x_wconf 91' lang='lat' dir='ltr'><strong>quam</strong></span> <span class='ocrx_word' id='word_1_184' title='bbox 323 3291 516 3387; x_wconf 86' lang='lat' dir='ltr'><strong>longitudo</strong></span> <span class='ocrx_word' id='word_1_185' title='bbox 544 3291 610 3364; x_wconf 83' lang='lat' dir='ltr'><strong>AB</strong></span> <span class='ocrx_word' id='word_1_186' title='bbox 645 3290 891 3364; x_wconf 89' lang='lat' dir='ltr'><strong>determinat:</strong></span> <span class='ocrx_word' id='word_1_187' title='bbox 923 3303 964 3363; x_wconf 95' lang='lat' dir='ltr'><strong>ut</strong></span> <span class='ocrx_word' id='word_1_188' title='bbox 992 3291 1056 3362; x_wconf 88' lang='grc' dir='ltr'><strong>ΑΕ</strong></span> <span class='ocrx_word' id='word_1_189' title='bbox 1088 3291 1126 3362; x_wconf 91' lang='lat' dir='ltr'><strong>iu</strong></span> 
     </span>
     <span class='ocr_line' id='line_1_25' title="bbox 79 3403 1126 3502; baseline -0.001 -24"><span class='ocrx_word' id='word_1_190' title='bbox 79 3406 200 3479; x_wconf 90' lang='lat' dir='ltr'><strong>medio</strong></span> <span class='ocrx_word' id='word_1_191' title='bbox 224 3428 311 3478; x_wconf 88' lang='lat' dir='ltr'><strong>raro</strong></span> <span class='ocrx_word' id='word_1_192' title='bbox 337 3406 573 3479; x_wconf 89' lang='lat' dir='ltr'><strong>continuetur</strong></span> <span class='ocrx_word' id='word_1_193' title='bbox 596 3429 680 3478; x_wconf 92' lang='lat' dir='ltr'><strong>cum</strong></span> <span class='ocrx_word' id='word_1_194' title='bbox 699 3405 748 3478; x_wconf 93' lang='lat' dir='ltr'><strong>Gl</strong></span> <span class='ocrx_word' id='word_1_195' title='bbox 772 3417 877 3502; x_wconf 92' lang='lat' dir='ltr'><strong>parte</strong></span> <span class='ocrx_word' id='word_1_196' title='bbox 905 3404 1064 3477; x_wconf 87' lang='lat' dir='ltr'><strong>refracta</strong></span> <span class='ocrx_word' id='word_1_197' title='bbox 1087 3403 1126 3477; x_wconf 92' lang='lat' dir='ltr'><strong>iu</strong></span> 
     </span>
     <span class='ocr_line' id='line_1_26' title="bbox 80 3519 348 3594; baseline 0.004 -2"><span class='ocrx_word' id='word_1_198' title='bbox 80 3520 200 3594; x_wconf 92' lang='lat' dir='ltr'><strong>medio</strong></span> <span class='ocrx_word' id='word_1_199' title='bbox 218 3519 348 3593; x_wconf 88' lang='lat' dir='ltr'><strong>denso.</strong></span> 
     </span>
    </p>
   </div>
   <div class='ocr_carea' id='block_1_3' title="bbox 442 3785 763 3838">
    <p class='ocr_par' dir='ltr' id='par_1_4' title="bbox 442 3785 763 3838">
     <span class='ocr_line' id='line_1_27' title="bbox 442 3785 763 3838; baseline 0.003 -1"><span class='ocrx_word' id='word_1_200' title='bbox 442 3785 693 3838; x_wconf 85' lang='lat' dir='ltr'><strong>PROPOSlTIO</strong></span> <span class='ocrx_word' id='word_1_201' title='bbox 723 3787 763 3838; x_wconf 88' lang='lat' dir='ltr'><strong>V.</strong></span> 
     </span>
    </p>
   </div>
   <div class='ocr_carea' id='block_1_4' title="bbox 80 3925 1125 4340">
    <p class='ocr_par' dir='ltr' id='par_1_5' title="bbox 80 3925 1125 4340">
     <span class='ocr_line' id='line_1_28' title="bbox 80 3925 1125 4026; baseline 0.003 -28"><span class='ocrx_word' id='word_1_202' title='bbox 80 3925 225 4001; x_wconf 79' lang='lat' dir='ltr'><strong>Radius</strong></span> <span class='ocrx_word' id='word_1_203' title='bbox 242 3925 412 3999; x_wconf 77' lang='lat' dir='ltr'><strong>incidens</strong></span> <span class='ocrx_word' id='word_1_204' title='bbox 431 3927 801 4025; x_wconf 78' lang='lat' dir='ltr'><strong>perpendiculariter</strong></span> <span class='ocrx_word' id='word_1_205' title='bbox 827 3928 865 3999; x_wconf 81' lang='lat' dir='ltr'><strong>in</strong></span> <span class='ocrx_word' id='word_1_206' title='bbox 892 3931 1125 4026; x_wconf 77' lang='lat' dir='ltr'><strong>superficiem</strong></span> 
     </span>
     <span class='ocr_line' id='line_1_29' title="bbox 120 4039 1125 4137; baseline 0.002 -25"><span class='ocrx_word' id='word_1_207' title='bbox 120 4039 292 4136; x_wconf 81' lang='lat' dir='ltr'><strong>planam,</strong></span> <span class='ocrx_word' id='word_1_208' title='bbox 306 4039 541 4112; x_wconf 81' lang='lat' dir='ltr'><strong>considerari</strong></span> <span class='ocrx_word' id='word_1_209' title='bbox 547 4049 675 4137; x_wconf 78' lang='lat' dir='ltr'><strong>potest</strong></span> <span class='ocrx_word' id='word_1_210' title='bbox 690 4050 864 4137; x_wconf 84' lang='lat' dir='ltr'><strong>tanquam</strong></span> <span class='ocrx_word' id='word_1_211' title='bbox 877 4041 975 4114; x_wconf 82' lang='lat' dir='ltr'><strong>linea</strong></span> <span class='ocrx_word' id='word_1_212' title='bbox 990 4043 1125 4114; x_wconf 73' lang='lat' dir='ltr'><strong>neothe-</strong></span> 
     </span>
     <span class='ocr_line' id='line_1_30' title="bbox 127 4151 1125 4252; baseline 0.002 -28"><span class='ocrx_word' id='word_1_213' title='bbox 127 4153 291 4225; x_wconf 82' lang='lat' dir='ltr'><strong>motica:</strong></span> <span class='ocrx_word' id='word_1_214' title='bbox 320 4151 392 4223; x_wconf 80' lang='lat' dir='ltr'><strong>sed</strong></span> <span class='ocrx_word' id='word_1_215' title='bbox 410 4152 577 4225; x_wconf 80' lang='lat' dir='ltr'><strong>incidens</strong></span> <span class='ocrx_word' id='word_1_216' title='bbox 599 4153 805 4226; x_wconf 78' lang='lat' dir='ltr'><strong>incendent</strong></span> <span class='ocrx_word' id='word_1_217' title='bbox 833 4154 990 4252; x_wconf 80' lang='lat' dir='ltr'><strong>oblique,</strong></span> <span class='ocrx_word' id='word_1_218' title='bbox 1009 4157 1125 4228; x_wconf 80' lang='lat' dir='ltr'><strong>conei-</strong></span> 
     </span>
     <span class='ocr_line' id='line_1_31' title="bbox 126 4265 866 4340; baseline 0.001 -3"><span class='ocrx_word' id='word_1_219' title='bbox 126 4265 320 4339; x_wconf 78' lang='lat' dir='ltr'><strong>derandus</strong></span> <span class='ocrx_word' id='word_1_220' title='bbox 338 4274 395 4337; x_wconf 81' lang='lat' dir='ltr'><strong>est</strong></span> <span class='ocrx_word' id='word_1_221' title='bbox 412 4266 609 4339; x_wconf 75' lang='lat' dir='ltr'><strong>athabeos</strong></span> <span class='ocrx_word' id='word_1_222' title='bbox 627 4266 866 4340; x_wconf 81' lang='lat' dir='ltr'><strong>latitudinem.</strong></span> 
     </span>
    </p>
   </div>
   <div class='ocr_carea' id='block_1_5' title="bbox 129 4415 1125 4505">
    <p class='ocr_par' dir='ltr' id='par_1_6' title="bbox 129 4415 1125 4505">
     <span class='ocr_line' id='line_1_32' title="bbox 129 4415 1125 4505; baseline 0.002 -18"><span class='ocrx_word' id='word_1_223' title='bbox 129 4416 187 4487; x_wconf 89' lang='lat' dir='ltr'><strong>Sit</strong></span> <span class='ocrx_word' id='word_1_224' title='bbox 204 4415 331 4489; x_wconf 86' lang='lat' dir='ltr'><strong>radius</strong></span> <span class='ocrx_word' id='word_1_225' title='bbox 345 4416 477 4488; x_wconf 84' lang='lat' dir='ltr'>ABCD</span> <span class='ocrx_word' id='word_1_226' title='bbox 495 4418 634 4490; x_wconf 89' lang='lat' dir='ltr'><strong>habens</strong></span> <span class='ocrx_word' id='word_1_227' title='bbox 652 4417 885 4490; x_wconf 87' lang='lat' dir='ltr'><strong>latitudinem</strong></span> <span class='ocrx_word' id='word_1_228' title='bbox 900 4419 975 4505; x_wconf 84' lang='lat' dir='ltr'><strong>AC,</strong></span> <span class='ocrx_word' id='word_1_229' title='bbox 990 4417 1125 4489; x_wconf 83' lang='lat' dir='ltr'><strong>cadens</strong></span> 
     </span>
    </p>
   </div>
   <div class='ocr_carea' id='block_1_6' title="bbox 81 4529 1125 4724">
    <p class='ocr_par' dir='ltr' id='par_1_7' title="bbox 81 4529 1125 4724">
     <span class='ocr_line' id='line_1_33' title="bbox 81 4529 1125 4626; baseline 0.003 -26"><span class='ocrx_word' id='word_1_230' title='bbox 81 4529 433 4624; x_wconf 88' lang='lat' dir='ltr'><strong>perpendiculariter</strong></span> <span class='ocrx_word' id='word_1_231' title='bbox 448 4532 483 4603; x_wconf 92' lang='lat' dir='ltr'><strong>iu</strong></span> <span class='ocrx_word' id='word_1_232' title='bbox 499 4532 649 4626; x_wconf 91' lang='lat' dir='ltr'><strong>planum</strong></span> <span class='ocrx_word' id='word_1_233' title='bbox 665 4532 746 4605; x_wconf 92' lang='lat' dir='ltr'><strong>BD:</strong></span> <span class='ocrx_word' id='word_1_234' title='bbox 766 4532 1019 4605; x_wconf 88' lang='lat' dir='ltr'><strong>consideratur</strong></span> <span class='ocrx_word' id='word_1_235' title='bbox 1037 4554 1125 4625; x_wconf 84' lang='lat' dir='ltr'><strong>ergo</strong></span> 
     </span>
     <span class='ocr_line' id='line_1_34' title="bbox 178 4664 1025 4724; baseline 0.011 -9"><span class='ocrx_word' id='word_1_236' title='bbox 178 4664 275 4716; x_wconf 82' lang='lat' dir='ltr'><strong>von.</strong></span> <span class='ocrx_word' id='word_1_237' title='bbox 295 4665 334 4716; x_wconf 88' lang='lat' dir='ltr'><strong>v.</strong></span> <span class='ocrx_word' id='word_1_238' title='bbox 998 4669 1025 4724; x_wconf 79' lang='lat' dir='ltr'>Q</span> 
     </span>
    </p>
   </div>
   <div class='ocr_carea' id='block_1_7' title="bbox 0 0 1333 5136">
    <p class='ocr_par' dir='ltr' id='par_1_8' title="bbox 0 0 1333 5136">
     <span class='ocr_line' id='line_1_35' title="bbox 0 0 1333 5136; baseline 0 0"><span class='ocrx_word' id='word_1_239' title='bbox 0 0 1333 5136; x_wconf 95' lang='lat' dir='ltr'><strong> </strong></span> 
     </span>
    </p>
   </div>
  </div>
 </body>
</html>
