2656 5136
164 649 212 716 52
323 663 548 720 nocuum
565 665 840 722 WALHSIANAE
858 667 916 721 vlt
932 665 1056 721 stow

538 994 761 1050 nltrlrrmo
786 997 835 1052 11.

314 1135 391 1211 Per
406 1145 539 1212 motam
555 1136 730 1239 intelligo
741 1148 876 1215 motam
890 1137 1060 1215 localem.

211 1275 388 1351 Definitio
408 1299 487 1350 non
510 1285 579 1351 est
631 1276 733 1353 Quid
756 1302 846 1377 ergo
866 1278 952 1353 istie
972 1276 1079 1377 agit?
1128 1276 1206 1353 Dis-

162 1390 333 1487 tinguere
349 1389 466 1463 voluit
480 1400 626 1464 motum
641 1390 798 1466 loealem
814 1416 838 1468 a
853 1392 1109 1491 generatione,
1124 1416 1206 1489 aug·

161 1503 401 1593 mentatione,
412 1514 451 1576 et
463 1501 694 1579 alteratione.
723 1504 801 1578 Cur
812 1528 903 1603 ergo
919 1528 997 1579 non
1013 1502 1206 1579 distinxit?

162 1617 261 1691 Nam
288 1615 377 1689 dum
402 1626 526 1690 motus
552 1614 622 1690 hos
649 1615 699 1693 ad
727 1627 871 1693 motum
899 1618 1059 1695 loeulem
1084 1616 1207 1693 redud

161 1752 271 1826 posse
288 1728 392 1818 dieit,
408 1750 486 1801 non
503 1725 712 1826 distinguit,
729 1729 796 1805 sed
814 1728 1031 1805 eonfirndit:
1055 1731 1146 1829 quia
1163 1730 1208 1807 ed

162 1856 306 1917 motum
337 1842 507 1932 localem,
533 1841 608 1917 nisi
639 1853 765 1919 motus
796 1843 925 1920 localis
956 1842 1090 1919 reduci
1120 1842 1207 1919 nihil

160 1967 298 2056 potest.

532 2152 755 2208 ultumum
775 2153 841 2207 111.

212 2256 443 2357 Momentum·
464 2281 630 2382 appello,
663 2281 711 2358 id
739 2280 839 2380 quod
868 2280 983 2356 mat
1020 2280 1211 2378 efficiendo

162 2396 347 2470 conducit.

213 2509 258 2582 ld
287 2520 344 2582 est
373 2532 516 2598 manus,
544 2509 672 2599 rectis,
703 2531 823 2598 arcus,
850 2518 889 2582 et
921 2507 1208 2584 instrumentum

161 2645 361 2718 omneque
388 2620 436 2694 ad
465 2620 687 2694 movendum
709 2621 862 2710 utimur,
885 2631 942 2693 est
967 2635 1207 2696 momentum.

162 2733 385 2808 Ridiculum.
445 2732 621 2807 Nondum
651 2733 838 2830 intelligit,
862 2731 952 2829 quid
979 2733 1028 2807 sit
1058 2759 1208 2809 momen·

163 2855 249 2921 tem.
300 2847 534 2920 Momentum
551 2846 650 2919 euim
673 2859 730 2919 est
752 2845 1005 2943 ponderantis,
1022 2872 1094 2946 pro
1111 2859 1208 2923 certo

162 2959 249 3050 situ,
267 2971 371 3033 certa
393 2958 442 3033 ad
468 2959 690 3033 movendum
712 2961 892 3056 potentia.
943 2960 1044 3034 Nam
1071 2962 1208 3060 ponde-

161 3073 278 3147 rantis
296 3075 448 3147 effeetus
465 3075 583 3170 major
599 3074 657 3146 vel
674 3074 795 3147 minor
811 3084 878 3163 est,
896 3087 1009 3170 prout
1025 3075 1083 3172 (iu
1099 3076 1204 3172 libra)

161 3185 308 3283 longius
324 3186 383 3260 vel
399 3185 550 3285 propius
567 3195 732 3259 aeeutro
749 3184 853 3261 librae
867 3185 993 3261 distat.

533 3423 759 3477 nummulo
778 3424 837 3476 tv.

212 3553 516 3652 Impedimentum
543 3565 616 3647 ert,
643 3551 689 3626 id
714 3551 817 3652 quod
846 3552 963 3626 motui
988 3551 1131 3641 obstat,
1155 3548 1210 3627 vel

162 3691 242 3740 eam
259 3667 426 3766 impedit.

212 3780 377 3853 Verbum
390 3779 547 3877 impedit
558 3804 635 3854 non
652 3791 754 3853 recte
770 3779 922 3877 ponitur
938 3779 979 3854 in
997 3779 1207 3855 definitione

162 3894 429 3990 impedimenti.
472 3893 533 3967 Ad
549 3893 641 3967 duas
658 3892 725 3969 has
743 3892 989 3981 definitiones
1002 3894 1087 3969 loeo
1100 3893 1206 3992 expli·

163 4007 332 4097 cationis,
350 4031 423 4105 qua
439 4007 546 4080 valde
564 4007 745 4104 indigent,
762 4032 880 4105 nugas
903 4011 1039 4082 iterum
1063 4007 1204 4105 subjicit

160 4122 434 4220 grammaticas,
446 4122 633 4218 rixpuero
651 4121 804 4217 dignas:
822 4146 968 4218 nempe,
981 4135 1204 4197 momentum

162 4260 186 4310 a
202 4259 345 4324 moveo,
362 4234 667 4333 impedimentum
684 4234 731 4307 ab
753 4234 928 4332 impedio,
944 4245 983 4309 et
999 4231 1203 4333 hujusmodi

162 4350 234 4425 alia
256 4349 363 4446 plura
387 4373 498 4446 quam
514 4348 648 4445 viginti
675 4347 723 4422 ad
752 4347 960 4446 subjeetum
987 4371 1097 4423 suum
1119 4342 1202 4423 nihil

161 4464 371 4554 attinentia}
388 4462 589 4537 ambitione
605 4462 749 4559 puerili.

210 4577 355 4654 Deinde
388 4575 438 4654 ad
465 4589 695 4653 momentum
727 4574 842 4652 refert
875 4576 951 4652 vim
980 4585 1020 4652 et
1053 4585 1200 4675 tempus.
