2656 5136
366 628 421 680 nn
447 627 729 683 mmsmnmus
758 626 892 683 raccr.
1075 614 1151 681 333

106 789 221 858 Monte
235 802 357 878 patens,
370 817 465 860 auras
479 804 549 861 atro
562 794 681 862 inbibit
694 817 748 861 ore
763 815 924 879 sequaces.

107 890 204 972 Quod
218 896 464 978 procumbentes
478 894 578 960 oculis
592 895 632 960 de
646 894 790 981 margine
804 894 913 980 pronis

107 989 191 1057 Cum
205 991 401 1077 inspicimus,
417 1004 543 1059 vastum
557 993 773 1080 inspectantes
788 1003 888 1060 terret
902 993 1006 1069 inane,

14 1098 78 1159 260
107 1087 358 1177 Subjectumque
373 1092 504 1160 horrens
518 1093 643 1158 animus
657 1093 746 1161 videt
760 1093 933 1160 infinitum.

103 1188 150 1254 Et
165 1191 310 1274 quamvis
325 1201 413 1258 tutos
423 1194 491 1278 jam
506 1214 697 1277 securosque
712 1192 797 1258 tueri

105 1289 269 1356 Continuo
283 1301 405 1357 stantes
420 1292 590 1358 hortentur
603 1316 760 1359 marmore
773 1292 862 1379 ripae,

10 1406 14 1415 ·
104 1386 182 1453 Non
196 1389 310 1455 animis
325 1391 434 1456 eodem
450 1391 679 1476 spondent-ibus
694 1414 750 1457 ora
763 1391 912 1457 barathro

103 1485 281 1565 Demimus,
297 1498 331 1554 et
345 1489 414 1554 diro
428 1491 569 1576 regnatis
584 1488 663 1556 Dite
678 1490 826 1556 tenebris

103 1586 156 1651 At
169 1586 290 1673 lapidos
304 1599 373 1654 toto
388 1611 511 1674 sparsos
522 1589 740 1675 conquirimus
755 1613 843 1677 agro,
857 1623 863 1641 ι

104 1682 249 1751 Verbere
264 1686 321 1770 qui
336 1687 475 1764 tandem,
491 1710 548 1774 per
562 1688 659 1775 longo
672 1687 799 1754 silentia
812 1687 911 1765 missi,

104 1783 187 1865 Quis
202 1784 244 1849 sit
259 1785 304 1850 eis
318 1785 454 1851 doceant
467 1787 509 1872 (si
525 1787 597 1873 quis
612 1787 670 1873 sit)
683 1787 757 1852 finis
770 1786 876 1852 cundi.

103 1882 198 1946 Missi
213 1883 384 1949 subsidunt
398 1885 527 1971 lapides,
544 1886 729 1971 feriuntque
743 1886 892 1951 cudentes

104 1979 235 2047 Caecum
251 1983 321 2064 (sed
335 1983 431 2070 longo
445 1985 567 2052 feriunt
581 1995 654 2072 post
667 1986 826 2072 tempore)
840 2007 962 2072 rupem.

14 2087 77 2148 270
104 2079 185 2146 Inde
199 2080 326 2158 docent,
341 2082 445 2149 decies
460 2085 597 2171 repetito
611 2087 742 2150 verbere
756 2084 847 2169 lapsi,

102 2179 264 2267 Deceptos
278 2181 381 2247 decies
395 2183 608 2269 nequicquam
623 2205 766 2269 quaerere
780 2182 928 2249 fundum.

103 2279 190 2345 Tum
206 2302 281 2346 vero
296 2280 452 2360 ardemus,
468 2282 495 2348 si
509 2283 558 2349 vis
572 2282 764 2368 respondeat
777 2305 878 2367 aequa,

102 2378 254 2466 Ingerere
269 2379 411 2467 integras
425 2391 540 2460 turres,
556 2392 590 2449 et
605 2391 691 2447 tecta
703 2380 747 2470 (si
761 2381 918 2460 adessent,

102 2477 149 2543 Et
163 2502 227 2545 non
242 2491 378 2566 angusto
392 2481 488 2547 tellus
501 2482 597 2548 nimis
611 2505 666 2548 ore
681 2482 828 2569 negaret)

103 2577 189 2643 Tota
203 2578 307 2657 simul,
322 2590 472 2667 totosque
487 2581 568 2648 altos
583 2581 628 2648 ibi
642 2581 775 2668 perdere
789 2590 924 2647 montes

104 2676 201 2758 Quod
214 2677 299 2755 licet,
315 2679 445 2745 immani
459 2680 601 2746 defixum
615 2680 755 2767 pondere
770 2703 884 2746 saxum

102 2776 151 2840 Vi
164 2777 267 2841 multa
280 2778 431 2857 eruimus,
446 2802 547 2866 prona
560 2790 594 2846 et
612 2780 727 2846 tellure
741 2779 889 2846 volutum

105 2874 256 2941 Sistimus
270 2876 312 2941 ad
326 2899 451 2942 sacrum
465 2877 573 2944 limen.
618 2878 707 2944 Tum
721 2878 798 2944 talia
812 2878 931 2943 famur:

104 2981 124 3009 ‘⁴
141 2972 337 3038 Umbrarum
352 2975 503 3060 praefecte
517 2976 609 3042 Deus
623 2976 826 3054 cmoiatibus,
841 2998 926 3053 ecce,

13 3080 79 3140 280
104 3080 125 3109 ‘⁶
142 3071 253 3138 Securi
267 3084 384 3138 nostrae
400 3074 505 3153 sortis,
520 3075 663 3159 certique
678 3096 823 3161 supernae

104 3180 124 3209 “
138 3170 164 3236 J
165 3172 339 3258 ampridem
355 3173 449 3251 sedis,
463 3173 513 3260 (ni
527 3197 586 3240 nos
600 3173 661 3240 tibi
675 3173 822 3239 concolor
836 3173 953 3239 author

103 3280 124 3310 “
139 3270 274 3357 Fallat),
290 3282 488 3339 tormentum
497 3274 566 3360 jam
580 3273 721 3340 inventis
735 3272 879 3339 addimus
894 3294 1007 3337 unum.

103 3378 124 3410 “
139 3370 230 3437 Pone
245 3373 305 3438 sub
320 3372 379 3438 hac
393 3372 483 3450 rima,
500 3372 559 3439 tibi
574 3373 601 3438 si
616 3394 682 3457 qua
695 3371 738 3437 sit
752 3372 865 3437 umbra
878 3370 1015 3448 rebellis,

102 3478 124 3509 “
139 3469 323 3558 Insignisve
337 3471 401 3537 fide
416 3471 544 3539 violata.
591 3471 701 3539 Subde
718 3469 890 3548 Simonem,

102 3577 124 3608 “
138 3570 214 3636 Aut
228 3570 254 3636 J
255 3570 350 3636 udam
367 3571 407 3654 (J
409 3571 504 3637 udam
519 3568 725 3657 Iscarioten):
742 3568 843 3636 subde
858 3568 1031 3656 Gigantes:

103 3676 124 3707 “
139 3668 282 3737 Contriti
295 3670 375 3736 fient
389 3671 574 3736 umbrarum
589 3669 736 3756 protinus
750 3670 881 3735 umbroe.

104 3776 125 3806 “
141 3768 192 3834 At
207 3792 273 3846 vos,
289 3792 309 3834 o
323 3769 445 3847 animas,
463 3769 581 3855 quibus
596 3767 756 3836 incaluere
769 3766 904 3834 retentis

104 3874 125 3906 “
141 3865 281 3954 Cognita
296 3868 481 3947 amicornm,
496 3869 677 3954 dilectaque
691 3890 823 3954 corpora
836 3865 939 3945 nobis,

105 3973 126 4004 “
142 3966 241 4032 Ferte
257 3967 368 4053 pedem
383 3979 470 4034 retro
484 3969 624 4047 monitae,
640 3978 674 4035 et
688 3991 754 4034 non
772 3967 907 4034 temnite
922 3965 1039 4034 dicta.”

13 4078 77 4138 290
104 4064 158 4131 Sic
173 4064 242 4143 sati,
256 4065 393 4152 lapidem
408 4067 615 4134 demittimus
661 4067 722 4134 Ille
737 4090 794 4154 per
807 4089 900 4134 auras

104 4163 307 4251 Stagnantes,
322 4163 420 4230 densa
434 4189 573 4232 moerens
587 4166 733 4253 caligine,
749 4166 853 4231 fertur

102 4264 142 4329 In
158 4264 332 4350 scopulum.
379 4264 488 4331 Gemit
501 4264 695 4332 horrendum
710 4288 859 4352 percussa
873 4286 1016 4341 caverna,

102 4364 296 4449 Collisaeque
310 4362 397 4428 cient
410 4364 474 4428 alte
488 4364 625 4452 suspiria
638 4365 746 4431 moles.

102 4464 282 4530 Excussum
297 4462 400 4549 primo
414 4463 563 4549 scopulus
574 4488 648 4531 mox
663 4463 783 4550 excipit
797 4463 887 4541 alter,

101 4563 229 4629 Audito
244 4561 350 4630 sonitu
366 4563 458 4628 nobis
472 4562 588 4641 minus,
604 4574 638 4630 at
652 4563 753 4650 magis
768 4561 864 4629 Orco.
