2656 5136
149 624 222 689 338
403 638 456 691 DE
486 639 767 693 sslnsnttsnus
794 640 930 695 PECCl.

149 801 226 867 Huc
241 812 342 868 mater
355 802 425 869 lieri
438 803 569 890 cupiens
582 802 704 871 accedit
716 804 829 882 inanis,

149 902 314 986 Plenaque
328 902 471 980 discedit,
486 914 566 990 puto
579 926 639 971 nec
651 903 800 970 veniente
813 903 941 970 marito.

149 1001 321 1087 Excipitur
335 1001 434 1067 ferme
450 1002 606 1086 quadrato
619 1004 709 1069 sonte
723 1024 834 1069 serena

59 1108 124 1169 440
150 1100 294 1166 Nascens
309 1100 404 1177 unda,
419 1111 453 1165 et
468 1100 611 1185 quinque
625 1100 721 1187 pedes
734 1100 822 1166 vehit
836 1100 904 1166 alta
917 1112 1088 1171 natantes.

151 1199 320 1285 Spectator
332 1199 443 1276 muris,
458 1209 492 1265 et
506 1209 593 1265 tecto
606 1199 787 1266 excluditur
800 1200 912 1265 imber.

151 1298 369 1385 Hospitioque
384 1299 494 1363 eadem
507 1297 688 1385 gratissima
700 1298 814 1364 balnea
826 1309 939 1365 nostro

151 1397 329 1482 Conjungit
344 1395 464 1463 loribus
477 1396 581 1483 paries
594 1396 771 1462 communis
783 1397 911 1482 apertis.

151 1496 240 1583 Ergo
254 1496 367 1581 placet,
382 1496 531 1580 coquitur
543 1496 621 1561 dum
633 1496 753 1583 cespite
768 1517 857 1562 ooeoa
869 1508 1028 1576 cremato,

152 1595 303 1662 Defessus
316 1594 455 1681 lymphis
469 1594 612 1661 refovere
626 1595 810 1681 tepentibus
823 1605 924 1661 artus.

152 1694 306 1760 Protinus
320 1695 410 1759 exuti
425 1694 535 1759 nitidis
548 1693 710 1760 illabimur
722 1694 826 1771 undis,

152 1792 314 1877 Nudaque
328 1792 503 1878 perspicuis
517 1792 672 1859 vellamus
686 1815 815 1879 corpora
830 1792 983 1879 lymphis.

152 1892 251 1958 Nunc
265 1892 345 1957 lucie
359 1914 458 1978 prona
472 1914 605 1968 namus3
627 1914 713 1958 nunc
727 1915 803 1957 nare
817 1892 925 1978 supini

152 1990 339 2056 Tentamas
384 1990 553 2057 Bibimus¹.
584 1988 658 2057 Nec
670 1991 757 2058 enim
772 1992 878 2057 omnia
891 2014 1073 2078 possumus
1086 2018 1207 2063 omnm.

63 2100 128 2161 450
153 2090 328 2173 Postquam
343 2089 466 2157 vexatis
481 2112 537 2176 per
550 2100 652 2155 totam
665 2090 816 2157 fluctibus
827 2091 939 2157 horam

153 2189 325 2265 Lusimus3
348 2189 467 2275 egressi
480 2188 572 2255 siccis
585 2187 740 2255 lodicibus
753 2188 810 2255 udi

153 2289 333 2355 Induimur.
379 2288 460 2353 Mox
476 2288 612 2373 quisque
626 2310 685 2354 suo
699 2288 854 2355 vestimur
866 2289 1002 2369 amictu,

154 2388 303 2454 Vestitus
318 2388 426 2453 stratis
439 2396 589 2473 expectat
601 2388 726 2453 ooenula
739 2388 864 2454 mensis.

154 2486 190 2551 N
191 2511 232 2552 ox
247 2498 316 2552 atra
329 2487 450 2551 interea
464 2486 559 2550 simul
570 2486 675 2551 evolat
688 2487 835 2552 omnibus
849 2487 962 2565 antris,

156 2585 203 2650 Et
216 2585 332 2652 victrix
346 2584 487 2649 tenebris
501 2583 678 2650 involverat
692 2586 798 2650 omnia
811 2585 913 2662 cacis,

155 2683 267 2750 Donec
281 2683 439 2749 succensis
453 2683 590 2748 infertur
604 2706 692 2748 coena
706 2684 852 2749 lucernis.

155 2782 181 2849 J
182 2807 232 2847 am
248 2783 338 2848 nobis
353 2782 445 2848 elixae
460 2806 523 2848 non
539 2782 664 2868 integra
678 2784 790 2848 balnea
804 2783 918 2861 ovillas,

158 2880 223 2948 Sed
236 2881 394 2947 modicum
405 2881 496 2967 juris,
512 2881 665 2948 consult-is
680 2883 840 2967 ponitur²z
864 2884 933 2969 ipsa

157 2980 244 3046 Tum
258 3004 339 3057 caro,
355 2980 491 3047 conditis
506 2979 637 3045 thermis
651 2981 788 3057 educta³‚
804 2983 953 3059 seorsim3

66 3084 131 3146 460
156 3081 271 3166 Atque
286 3080 354 3146 ovis
369 3080 509 3166 ejusdem
525 3080 652 3144 sumans
666 3104 685 3144 a
700 3081 829 3167 cuspide
843 3081 995 3148 lumbus⁴.

156 3180 203 3245 Et
217 3203 318 3266 nuper
331 3192 427 3265 rupto
441 3179 568 3265 gallinae
583 3179 679 3244 filius⁶
699 3203 768 3246 ovo.

157 3279 320 3364 Pisaque⁶,
337 3302 408 3364 quae
423 3279 514 3344 nobis
529 3289 695 3344 convertat
709 3279 861 3356 cochlear,
876 3292 985 3346 uncta,

157 3378 249 3443 Ditia
262 3402 335 3444 cum
351 3379 470 3444 frustra
485 3388 668 3462 quaerantur
681 3379 795 3463 pocula
813 3379 942 3457 Bacchi,

158 3476 233 3543 Olla
246 3477 413 3542 subridens
428 3476 550 3542 bibitur
564 3476 697 3542 cervisia
711 3478 812 3564 nigra.

159 3576 294 3654 Coenati,
310 3588 384 3661 peto
398 3599 524 3642 somnos
538 3576 725 3642 arcessimus
734 3577 857 3643 hausto.

159 3675 294 3741 Postero
308 3675 478 3741 Phoebaeos
492 3675 612 3741 ducens
626 3699 739 3742 aurora
753 3675 931 3763 triumphos

159 3774 313 3840 Nondum
327 3773 475 3859 vulgares
488 3774 569 3839 ooelo
583 3774 757 3839 dimoverat
772 3775 871 3862 ignes,

161 3874 255 3951 Cum,
271 3896 380 3939 somno
394 3895 536 3950 excusso,
553 3873 668 3958 tepidis
682 3875 899 3962 immergimur
912 3874 1008 3941 undis

160 3974 296 4049 Rursus,
311 3982 345 4037 et
359 3972 518 4037 inficimur
532 3972 660 4058 penitus
674 3973 850 4039 medicante
862 3973 987 4057 liquore

72 4080 137 4142 470
162 4075 187 4139 J
188 4098 239 4139 am
253 4072 402 4159 dibaphi;
425 4083 523 4155 atque
538 4073 654 4138 iterum
669 4075 809 4139 rorantia
822 4096 954 4158 corpora
968 4073 1067 4141 lectis

199 4311 207 4342 ¹
221 4309 323 4362 lndocti
345 4326 416 4371 nare,
438 4325 534 4377 aquam
559 4309 661 4362 imbibi·
731 4310 840 4363 ’Ovills
852 4309 921 4361 clixa
934 4308 1047 4378 jusculo
1065 4325 1200 4374 extracta.

164 4410 232 4445 mars.
736 4393 850 4446 ‘Ovilloe
861 4402 960 4447 assam

200 4475 398 4544 ²lntenogatis,
422 4491 455 4527 an
486 4476 581 4544 apponi
610 4475 665 4545 pla·
736 4475 860 4529 ⁵Pullus.

165 4568 241 4612 reret
733 4559 826 4613 ‘Pisa
