2656 5136
424 672 756 728 nccnnsmsrrcA.
1037 660 1110 729 369

70 832 139 900 Cur
152 845 259 900 tamen
275 835 421 922 impietas
435 838 568 905 dicenda
582 840 634 917 sit,
650 839 735 905 haud
749 842 830 905 bene
845 862 959 918 cern03

111 933 197 998 Nam
214 958 277 999 non
293 959 336 1012 es,
352 936 378 1000 si
394 960 458 1001 non
474 937 590 1023 impius
604 961 672 1004 esse
688 938 775 1004 velis.
1047 943 1110 1007 730

69 1032 115 1097 Et
129 1034 184 1117 qui
200 1035 373 1101 credebant
388 1059 421 1101 se
436 1036 544 1102 Biblia
558 1060 646 1103 sacra
659 1049 822 1122 sequutus,

112 1131 190 1197 Esse
206 1134 414 1218 proculdubio
429 1158 462 1202 se
479 1135 606 1201 voluere
620 1137 697 1222 pios.

70 1231 130 1296 lllo
145 1232 286 1297 damnati
302 1257 398 1318 quam
413 1258 545 1321 magnos
560 1247 702 1322 tempore
720 1235 865 1312 honores,

112 1330 257 1412 Quantas
272 1333 399 1398 divitias
418 1334 593 1412 deseruere,
610 1347 706 1420 puta:

68 1428 142 1510 Quo
158 1431 265 1496 vixere
280 1443 379 1509 metu,
395 1443 531 1517 quantos
546 1434 670 1499 subiere
685 1435 817 1511 dolores,

111 1529 160 1594 Ut
176 1544 400 1597 conservarent
414 1555 510 1616 quam
526 1544 657 1597 tenuere
672 1532 807 1598 Fidem!

67 1627 166 1694 Anne
181 1629 295 1695 Fidem
312 1630 480 1714 quisquam
497 1631 579 1695 tanti
594 1631 672 1696 sacit
686 1632 828 1718 impius?
867 1632 937 1698 Illis

109 1726 258 1812 Regnare
273 1738 322 1792 est
336 1751 505 1804 summum,
520 1727 706 1813 divitiaeque
720 1731 849 1795 bonum.

66 1825 234 1890 Errarunt.
281 1827 403 1912 Synodi
418 1826 594 1891 doctrinam
609 1848 738 1893 cernere
753 1838 870 1893 sanctae

110 1925 150 1988 In
168 1925 302 2011 Scriptis
317 1926 392 1991 caeci
407 1950 471 1991 non
486 1937 619 2011 potuere
636 1924 748 1993 Sacris
1044 1931 1107 1995 740

67 2024 195 2109 Ergone
210 2047 313 2089 c‘ecus
327 2025 421 2090 homo
436 2025 640 2090 damnabitur
653 2026 835 2112 impietatis,

111 2123 247 2204 Quando
262 2148 336 2202 non,
346 2125 455 2208 jussus
469 2124 539 2210 lege
555 2124 671 2203 videre,
686 2125 799 2191 videt?

67 2222 135 2288 Cur
149 2247 213 2287 non
228 2232 262 2288 et
276 2224 379 2309 patria
388 2224 542 2309 jubeatur
555 2224 666 2291 cedere
681 2224 789 2303 simus,

110 2322 145 2388 Si
160 2346 223 2388 non
238 2335 271 2388 et
285 2346 397 2387 nasum
412 2322 550 2409 corrigat
563 2323 617 2388 ille
632 2325 748 2388 suum?

63 2425 214 2508 AEquum
234 2433 312 2499 erat,
327 2423 361 2487 in
377 2422 516 2488 tenebris
531 2423 711 2501 verborum,
727 2423 890 2509 ignoscere
904 2421 931 2486 si
946 2421 1019 2506 quis

108 2523 201 2588 Cavit
215 2545 256 2588 ne
270 2523 378 2609 plures
392 2522 512 2588 diceret
526 2545 594 2588 esse
609 2522 707 2588 Deos.

64 2622 155 2686 Inter
176 2624 406 2708 umgenitum,
422 2622 631 2708 genitumque
646 2625 680 2687 io
695 2621 933 2708 temperabatis,

108 2720 195 2802 Quid
211 2722 253 2786 sit
267 2722 388 2786 dissidii
402 2746 466 2787 non
481 2722 567 2807 capit
581 2722 685 2788 omnia
699 2721 804 2799 homo,

64 2819 98 2882 N
100 2843 136 2884 ec
151 2843 287 2904 quorum
302 2821 413 2907 lingua
427 2819 550 2884 cardum
564 2820 737 2885 substantia
753 2820 827 2897 dici,

107 2919 181 2984 Aut
195 2920 301 2985 animo
315 2920 415 3006 possit
429 2942 494 3003 qua
507 2919 630 2984 ratione
645 2919 725 3005 capi.
1043 2923 1105 2987 750

65 3017 142 3083 Vox
156 3019 339 3102 proatoaia
354 3029 445 3084 sonat
459 3028 497 3083 ut
510 3017 681 3083 substantia
696 3017 836 3084 Graecis:

108 3116 174 3198 Qui
189 3117 268 3182 dicit
282 3128 347 3183 tres
362 3126 447 3195 sunt,
463 3129 528 3182 tres
544 3117 590 3181 ait
604 3140 672 3182 esse
687 3117 783 3183 Deos.

63 3216 251 3301 Regnorum
266 3215 390 3292 medici,
406 3216 575 3280 verborum
591 3214 703 3281 discite
718 3215 820 3282 vires:

106 3315 297 3380 Dementem
313 3315 466 3402 populum
482 3314 536 3380 lex
551 3314 618 3380 sine
635 3324 743 3381 mente
758 3314 844 3381 facit

63 3415 126 3480 Dic
141 3439 226 3480 nunc
240 3438 297 3481 cur
314 3415 463 3501 Synodus
477 3437 542 3480 non
556 3413 663 3479 sanxit
677 3423 712 3480 et
725 3413 861 3480 haeresin
875 3435 953 3489 esse,

108 3515 251 3579 Verbum
269 3513 449 3599 Scripturas
464 3535 531 3578 esse
546 3535 663 3599 negare
678 3512 752 3579 Dei.

63 3617 121 3678 Pr.
145 3615 170 3681 J
172 3639 209 3680 us
224 3614 384 3680 indicendi
401 3613 567 3700 Synodum
582 3623 661 3679 tunc
676 3613 782 3679 Oaesar
796 3612 933 3679 habebat

107 3714 211 3791 Solus,
226 3724 259 3779 et
273 3713 391 3779 indixit
405 3736 479 3778 cum
497 3711 627 3798 Synodo
642 3722 726 3777 esset
739 3735 829 3798 opus.

63 3815 157 3878 Tunc
172 3837 251 3899 opus
265 3824 315 3879 est
329 3824 446 3889 autem,
462 3835 536 3878 cum
551 3814 685 3877 turbant
698 3811 850 3898 dogmata
862 3832 982 3897 pacem.

105 3912 157 3977 De
173 3913 281 3977 Libris
298 3911 402 3979 Sacris
417 3911 552 3997 quaestio
568 3911 656 3976 nulla
670 3910 744 3976 fuit
1039 3910 1102 3974 760

64 4017 207 4099 Quaestio
222 4017 294 4082 talis
309 4017 405 4093 enim,
424 4016 589 4103 Scriptura
598 4015 718 4101 judice,
732 4036 899 4099 nunquam

106 4115 219 4191 Finiri,
235 4125 301 4192 aut,
316 4115 378 4180 alio
388 4115 507 4200 judice,
523 4125 605 4180 teste
620 4123 735 4200 potest

64 4215 172 4297 Quare
188 4213 213 4278 si
229 4226 334 4299 patres
349 4223 523 4280 certassent
536 4213 752 4298 haereticique,

106 4315 251 4379 Dictavit
266 4314 363 4378 libros
378 4337 458 4398 quos
472 4313 577 4391 home,
593 4335 738 4398 quosque
755 4311 864 4377 Deus:

63 4416 125 4480 Vir
140 4416 222 4479 bone
237 4436 343 4478 nonne
358 4413 456 4490 vides,
472 4425 520 4490 ut,
531 4413 640 4498 judice
655 4411 792 4488 Caesare,
807 4412 905 4476 verba

106 4515 223 4579 Essent
237 4513 326 4577 nulla
342 4512 403 4577 Dei
419 4535 482 4577 non
498 4512 653 4598 placitura
667 4511 750 4577 sibi?

64 4617 99 4683 Si
114 4638 200 4680 nunc
214 4614 366 4679 haereseos
383 4610 532 4700 Synodus
545 4611 724 4677 damnasset
737 4620 771 4676 et
784 4608 886 4687 illum,

162 4738 256 4790 vot.
272 4738 312 4788 V.
938 4729 1000 4782 RB
