2656 5136
463 622 750 675 omucrlouus

467 948 666 1003 OBJEGTIO
689 950 750 1001 lx.

0 1117 3 1139 ·
85 1075 187 1151 Nom
196 1077 339 1175 procul
352 1076 463 1153 dnbio
478 1077 558 1152 iila
575 1076 670 1152 idom
685 1102 767 1177 qum
781 1075 1026 1151 substantiam
1043 1076 1132 1149 milri

134 1189 317 1279 cohibent,
334 1192 456 1287 majas
482 1188 631 1290 aliquid
655 1199 752 1280 annt,
780 1199 905 1290 otqnc,
928 1200 970 1263 nt
996 1190 1053 1263 itn
1080 1189 1132 1262 lo·

134 1328 239 1400 quor,
263 1303 356 1401 plns
378 1302 572 1379 remeatis
597 1302 783 1400 objectiac
807 1303 846 1376 in
863 1327 905 1377 se
931 1303 1130 1391 continent,

133 1443 241 1514 qnam
257 1415 335 1491 illm
351 1442 428 1515 quc
444 1426 585 1492 tontum
600 1416 727 1491 modos
744 1415 822 1491 siae
839 1415 1052 1490 occidentia
1069 1438 1131 1489 re-

125 1538 373 1627 prasentont.
424 1530 482 1604 Et
497 1553 644 1621 rursm,
655 1528 726 1603 itta
734 1551 814 1628 por
830 1553 941 1628 qnam
959 1552 1131 1600 cnmnmm

131 1642 289 1742 aliquem
316 1642 451 1734 Denm,
479 1652 662 1734 cumn,
688 1641 878 1740 infinitum,
904 1640 1129 1731 omniscium,

129 1755 420 1854 omnipotentem,
435 1780 631 1855 raramque
645 1755 800 1829 omnium
816 1779 898 1853 qna
907 1763 1057 1852 prater
1073 1754 1131 1850 ip·

128 1893 208 1943 snm
226 1879 312 1943 cunt
327 1879 546 1959 creatorem,
558 1866 742 1967 intelligo,
754 1865 844 1967 plns
852 1866 1027 1966 profecto
1044 1889 1130 1939 rca-

129 1981 251 2056 litotis
267 1982 459 2079 objectioni
474 1983 514 2057 in
529 2007 571 2056 se
586 1980 708 2072 tabet,
723 2006 830 2079 quam
852 1980 929 2056 icto
939 2003 1017 2079 per
1033 2004 1129 2077 qnos

118 2096 248 2190 finita
263 2094 483 2171 cunctantia
497 2092 726 2169 exhibentur.

131 2259 269 2333 Notavi
287 2259 420 2357 saepius
436 2270 524 2334 unte
541 2282 661 2355 neque
676 2257 748 2332 Dei
764 2281 884 2356 neque
898 2257 1031 2331 animm
1048 2255 1130 2329 dari

81 2371 193 2445 ullam
210 2371 356 2445 ideam:
383 2370 481 2445 addo
502 2372 593 2468 jam,
611 2394 730 2468 neque
753 2372 978 2445 substantiae.
1032 2370 1128 2443 Sub-

79 2486 216 2558 stantia
231 2484 342 2571 enim,
359 2495 402 2557 ut
419 2508 502 2582 quae
519 2496 575 2558 est
592 2482 748 2557 materia
774 2485 941 2581 subjecta
957 2484 1128 2557 acciden-

78 2599 178 2673 tibus
195 2611 233 2672 et
246 2598 524 2686 mutationibus,
542 2597 620 2671 sola
635 2597 916 2672 ratiocinatione
932 2597 1127 2685 evincitur,

78 2735 149 2785 nec
166 2723 289 2785 tamen
308 2710 527 2808 concipitur,
544 2723 610 2783 aut
632 2709 752 2783 ideam
770 2710 883 2784 ullam
901 2711 1007 2784 nobis
1025 2712 1128 2783 exhi-

77 2826 153 2900 bet.
206 2825 291 2898 Hoc
309 2825 339 2898 si
356 2848 485 2898 verum
503 2823 563 2912 sit,
581 2823 766 2919 quomodo
785 2824 858 2897 dici
874 2836 996 2920 potest
1013 2824 1127 2914 ideaS,

79 2963 160 3036 quae
177 2937 401 3011 substantias
424 2937 515 3010 mibi
543 2937 729 3027 exhibent,
749 2938 866 3033 majus
883 2937 1021 3033 aliquid
1047 2963 1127 3011 esse

77 3065 118 3126 et
133 3052 216 3150 plus
239 3052 375 3126 babere
398 3050 578 3125 realitatis
605 3050 809 3147 objectivae,
829 3076 937 3148 quam
966 3052 1029 3124 illa
1045 3078 1127 3148 qum

76 3165 167 3241 mibi
202 3165 378 3239 exhibent
411 3164 644 3238 accidentia?
697 3165 879 3239 Praeterea
913 3165 1123 3239 consideret

76 3278 197 3353 denuo
215 3279 261 3353 D.
280 3278 321 3353 C.
340 3277 430 3375 quid
447 3277 536 3351 velit
553 3277 675 3351 dicere
692 3277 785 3374 plna
802 3277 1008 3351 rectitatis.
1062 3280 1123 3351 An

74 3393 222 3467 realitas
247 3393 400 3488 suscipit
427 3391 544 3487 magis
571 3390 629 3463 vel
660 3390 806 3463 minus?
858 3391 927 3463 Vel
956 3391 986 3463 si
1017 3403 1124 3486 putat

73 3530 185 3579 unam
202 3529 280 3579 rem
298 3505 370 3578 alia
386 3505 503 3600 magis
516 3528 595 3577 esse
608 3527 699 3591 rem,
713 3503 921 3576 consideret
936 3504 1123 3600 quomodo

72 3619 146 3693 hoc
162 3618 279 3714 possit
300 3619 425 3714 captui
447 3629 575 3691 nostro
606 3641 690 3689 cum
722 3629 828 3689 tanta
858 3618 1121 3712 perspicuitate

73 3731 249 3828 explicari
266 3741 403 3828 quanta
419 3729 578 3825 exigitur
603 3729 641 3801 in
661 3729 761 3803 omni
793 3728 1122 3820 demonstratione,

72 3857 109 3919 et
126 3857 266 3941 quanta
281 3844 360 3941 ipse
373 3842 464 3916 alias
480 3865 568 3915 usus
585 3854 653 3914 est.

473 4064 718 4117 RESPONSIO.

119 4185 257 4258 Notavi
289 4181 421 4278 saepius
455 4205 514 4255 me
543 4179 735 4254 nominare
770 4181 890 4253 ideam
924 4182 963 4254 id
998 4182 1118 4277 ipsum

68 4297 167 4396 quod
197 4296 342 4370 ratione
372 4293 564 4380 evincitur,
595 4303 640 4363 ut
673 4305 713 4366 et
742 4293 814 4365 alia
844 4317 923 4389 quae
954 4294 1120 4389 quolibet

65 4411 178 4486 modo
212 4407 478 4509 percipiuntur.
530 4404 703 4501 Satisque
734 4406 894 4501 explicui
929 4408 1118 4504 quomodo

65 4526 214 4600 realitas
231 4522 409 4619 suscipiat
425 4522 507 4619 plns
525 4533 563 4595 et
581 4518 722 4594 minus:
750 4520 804 4593 ita
819 4544 953 4618 nempe
971 4533 1012 4594 nt
1030 4523 1116 4594 sub-
