2656 5136
102 635 176 702 260
476 647 547 702 out
552 646 759 701 scalonae

10 838 62 880 no
101 816 232 890 bemnr
257 813 378 890 Deum
402 815 470 890 sub
495 813 656 912 imagine
679 814 847 904 adorare,
873 836 921 886 ne
946 812 1061 899 illum,
1079 813 1143 907 qui

100 929 394 1026 inconceptibilis
414 940 484 1020 est,
499 927 690 1002 videamur
712 927 819 1001 nobis
836 926 1041 1021 concipere.

151 1042 306 1115 Videtur
331 1066 419 1139 ergo
446 1040 584 1116 nullam
614 1063 693 1114 esse
718 1040 757 1113 in
782 1039 889 1113 nobis
915 1040 984 1112 Dei
1010 1038 1142 1112 ideam.

102 1154 177 1228 Sed
208 1157 303 1229 sicut
332 1179 452 1230 caecns
481 1165 602 1247 natus,
627 1153 760 1250 saepins
790 1153 868 1249 igni
897 1152 1079 1238 admotus
1105 1164 1144 1226 et

102 1270 262 1343 sentiens
280 1293 319 1343 se
336 1269 466 1359 calere,
485 1269 656 1366 agnoscit
672 1291 751 1342 esse
768 1265 909 1364 aliquid
926 1291 948 1339 a
964 1291 1036 1363 qno
1051 1265 1144 1340 cale·

100 1380 220 1455 factus
241 1393 307 1472 est,
329 1382 555 1479 audiensque
576 1380 669 1455 illud
691 1379 869 1477 appellari
895 1382 1031 1476 ignem,
1055 1404 1145 1453 cou-

102 1495 217 1569 cludit
233 1496 359 1592 ignem
376 1495 543 1583 existere,
564 1516 634 1568 nec
654 1505 781 1568 tamen
798 1493 916 1590 qualis
932 1495 1062 1590 figurae
1079 1504 1145 1567 aut

102 1608 235 1682 coloris
253 1610 349 1705 ignis
373 1609 423 1682 sit
447 1607 649 1706 cognoscit,
666 1607 726 1680 vel
747 1606 861 1680 ullam
878 1606 1028 1681 omnino
1047 1608 1144 1703 ignis

101 1721 222 1795 ideam
251 1722 311 1795 rel
343 1720 542 1818 imaginem
570 1719 694 1794 animo
724 1719 981 1796 obversantem
1009 1720 1144 1794 habet:

101 1834 227 1931 itaque
257 1833 367 1907 homo
394 1855 619 1931 cognoscens
642 1831 777 1906 debere
799 1855 881 1906 esse
909 1856 1057 1906 causam
1080 1832 1144 1905 ali·

103 1972 212 2045 quam
226 1971 373 2021 suarum
386 1946 590 2044 imaginum
602 1944 661 2019 rel
674 1943 852 2035 idearum,
863 1957 901 2019 et
914 1969 1035 2019 causae
1047 1945 1145 2019 illius

103 2060 212 2133 aliam
231 2084 378 2135 causam
401 2059 574 2157 priorem,
599 2070 637 2133 et
659 2058 714 2132 sic
736 2059 925 2148 continno,
951 2058 1146 2134 deducitur

102 2173 253 2248 tandem
270 2173 445 2247 adfinem
461 2172 538 2246 sive
551 2171 839 2268 suppositionem
854 2172 1007 2267 alicujus
1024 2193 1145 2242 causae

104 2300 265 2376 aeternae,
284 2310 366 2382 qnae
383 2285 470 2382 qnia
489 2307 678 2381 nunquam
695 2284 807 2380 coepit
832 2308 923 2374 esse,
941 2307 1086 2357 cansam
1106 2306 1146 2355 se

103 2399 240 2472 habere
253 2399 411 2496 priorem
429 2422 504 2472 non
523 2408 657 2495 potest,
669 2398 873 2471 necessario
887 2397 1025 2495 aliquid
1038 2407 1145 2470 aeter-

104 2534 193 2584 num
216 2512 372 2584 existere
402 2509 606 2584 concludit:
634 2534 702 2583 nec
730 2521 855 2583 tamen
885 2511 1004 2583 ideam
1032 2510 1144 2582 ullam

104 2623 227 2712 habet,
246 2648 356 2721 quam
373 2623 489 2721 possit
506 2623 628 2696 dicere
646 2646 726 2695 esse
745 2622 864 2696 ideam
884 2625 1013 2696 aeterni
1034 2623 1144 2710 illius,

107 2736 173 2815 sed
189 2761 268 2811 rem
285 2736 463 2811 creditam
476 2736 534 2809 vel
552 2735 717 2832 agnitam
734 2736 900 2810 nominat
910 2736 968 2810 vel
985 2736 1146 2832 appellat

105 2850 237 2923 Deam.

155 2965 239 3038 Jam
267 2963 440 3060 quoniam
469 2964 699 3061 expositione
733 2964 814 3052 hac,
841 2961 941 3059 quod
969 2963 1146 3035 habemns

105 3077 226 3151 ideam
244 3078 314 3151 Dei
331 3078 370 3150 in
387 3078 510 3150 anima
530 3088 667 3168 nostra,
685 3077 853 3172 procedit
878 3076 924 3149 D.
940 3076 980 3148 C.
999 3077 1048 3149 ad
1064 3100 1147 3171 pro-

105 3189 292 3264 bationcm
305 3191 413 3287 hujus
428 3191 678 3278 theorematis
690 3189 789 3286 quod
803 3189 915 3277 Deus,
927 3187 965 3261 id
979 3201 1034 3261 est
1048 3212 1146 3261 snm-

105 3328 165 3377 me
182 3317 325 3402 potens,
336 3305 493 3400 sapiens,
504 3303 632 3376 mundi
644 3314 799 3391 creator,
815 3302 962 3375 existat:
983 3303 1147 3397 oportuit

104 3416 205 3489 illam
218 3416 339 3490 ideam
357 3416 426 3489 Dei
440 3415 570 3488 melius
588 3414 781 3511 explicare,
794 3425 830 3487 et
848 3438 922 3486 non
935 3414 1045 3486 modo
1060 3413 1146 3486 inde

106 3529 287 3604 deducere
313 3531 426 3627 ipsius
446 3529 691 3618 existentiam,
709 3528 902 3601 sedetiam
920 3527 1049 3600 mnndi
1067 3551 1146 3600 cre-

105 3643 281 3717 ationem»

504 3836 746 3890 RESPONSIO.

156 3970 230 4043 Hic
247 3967 394 4041 nomine
412 3967 509 4041 idea
524 3966 604 4039 vult
627 3975 772 4039 tantum
794 3963 948 4060 intelligi
968 3964 1145 4060 imagines

105 4107 228 4156 rernm
246 4080 487 4154 materialium
504 4081 542 4152 in
559 4077 753 4176 phantasia
767 4101 944 4172 corporea
962 4077 1146 4174 depictas:

105 4220 179 4293 quo
196 4196 328 4292 posito,
342 4194 449 4267 facile
465 4193 519 4267 illi
537 4204 592 4267 est
609 4192 764 4290 probare
782 4190 919 4264 nullam
937 4192 1059 4288 angeli
1077 4217 1146 4264 uec

104 4310 173 4384 Dei
191 4309 311 4383 ideam
328 4331 406 4381 esse
427 4331 547 4404 posse.
598 4305 713 4401 Atqui
738 4328 807 4400 ego
831 4305 968 4399 passim
996 4306 1144 4400 ubique,

104 4453 148 4502 ac
174 4428 357 4525 praecipne
383 4427 454 4499 hoc
478 4427 558 4523 ipso
576 4426 615 4498 in
641 4424 734 4513 loco,
753 4423 908 4495 ostendo
933 4448 990 4495 me
1010 4449 1144 4497 nomen

104 4542 197 4617 ideae
214 4564 357 4616 sumere
374 4564 443 4636 pro
460 4539 561 4614 omni
578 4562 622 4614 eo
636 4537 736 4634 quod
752 4536 964 4612 immediate
982 4563 1004 4611 a
1021 4552 1144 4612 mente
