2692 4792
198 306 247 374 '54
352 326 574 377 nonnarum
594 323 867 379 wanursmum
888 327 942 378 nu
963 329 1082 380 Moru

3 508 162 554 nnsrnrrro
195 500 300 585 parte
327 483 461 588 aliqua,
488 491 707 565 contrarius·
768 493 891 589 Atque
918 493 990 566 hoe
1016 493 1091 566 llle'
1105 492 1241 567 voluit:

53 586 107 634 Vll.

9 649 153 698 ..,W
194 603 335 699 legerat
358 607 456 678 enim
486 605 736 679 definitionem
763 605 860 679 hane
882 607 922 679 in
949 605 1046 680 libro
1072 630 1157 679 meo
1188 628 1240 680 nn

192 711 401 807 donnons,
429 742 509 814 cap.
533 717 593 792 xv.
623 733 694 791 art.
722 728 758 791 2.
809 719 947 791 Verum
977 742 1026 792 ne
1052 719 1242 794 videretur

191 831 285 904 meis
311 831 379 920 uti,
398 832 530 927 quibus
557 843 697 904 temere
726 842 812 905 ante
836 832 1125 922 contradixerat,
1154 832 1239 906 dum

191 943 336 1017 studuit
368 944 547 1018 mutando
580 968 648 1018 sua
684 945 820 1034 facere,
864 947 1041 1043 eorrupit.
1112 946 1240 1020 Nescit

192 1057 304 1147 enim,
321 1058 392 1131 nisi
410 1083 493 1154 quae
509 1058 676 1154 vulgaria
695 1071 794 1145 sunt,
812 1060 942 1132 Latine
960 1060 1101 1133 dicere:
1129 1071 1172 1133 nt
1188 1060 1239 1133 ri-

191 1167 280 1242 dere
297 1183 354 1244 est
372 1173 409 1244 in
427 1172 511 1245 libri
526 1172 637 1268 hujus
656 1173 713 1245 sui
730 1173 849 1262 initio,
868 1174 931 1247 ubi
949 1173 1079 1248 definit
1097 1173 1239 1248 merliu

190 1281 312 1356 nicom
329 1307 396 1381 per
405 1284 651 1382 geometriam
663 1284 712 1358 de
728 1294 836 1359 motu.

541 1554 763 1607 DEFINITIO
790 1555 887 1608 VIII.

242 1685 320 1760 Per
339 1685 570 1775 distantiam,
588 1685 668 1758 siue
684 1683 954 1782 longitudinem
970 1693 1103 1774 motus,
1127 1684 1237 1759 intel

188 1798 271 1898 ligo
289 1799 537 1898 longitudinis
560 1799 725 1898 spatium
748 1797 849 1872 illud
863 1798 962 1894 quod
976 1807 1075 1872 motu
1093 1799 1237 1873 transi-

221 1914 310 1987 ilur.
429 1970 432 1974 .
501 1970 504 1975 <

187 1940 218 2031 'g
239 2026 283 2100 ld
301 2038 369 2115 est,
390 2049 457 2121 per
473 2023 742 2121 longitudinem
761 2034 881 2096 motus
898 2022 1072 2120 intelligit
1088 2023 1235 2116 lineam,

187 2165 269 2237 quae
299 2139 493 2235 longitudo
520 2137 668 2235 quidem
696 2148 765 2228 est,
793 2135 859 2209 sed
882 2159 1026 2232 semper
1057 2140 1233 2235 corporis.

188 2253 259 2325 Per
271 2252 485 2326 distantiam
502 2251 699 2347 saepissime
714 2250 932 2346 intelligitur
945 2248 1141 2345 longitudo
1155 2276 1234 2349 quae

188 2376 245 2438 est
269 2366 368 2438 inter
391 2365 463 2438 duo
481 2386 637 2460 corpora
654 2362 880 2450 brevissima,
899 2385 982 2457 quae
1008 2363 1123 2438 unica
1149 2375 1232 2438 est:

183 2479 254 2553 sed
270 2478 521 2575 longitudines
537 2477 650 2550 variae
667 2488 765 2550 sunt.
877 2538 880 2543 .
915 2526 920 2533 -

550 2738 772 2791 DEFINI'I'IO
806 2737 865 2788 lx.

238 2867 423 2942 Celeritas
441 2877 499 2941 est
515 2867 666 2963 affectio
676 2876 794 2940 motus
805 2891 853 2939 eu
865 2865 1144 2963 comparatione
1157 2866 1229 2941 lon·

180 2981 370 3079 gitudinis
393 2990 431 3054 et
462 2979 640 3077 temporis
665 2978 882 3052 resultans:
907 2988 1036 3075 utpote
1058 3003 1143 3076 quoe
1165 3004 1229 3078 quo

185 3105 351 3191 tempore
376 3103 515 3190 quanta
539 3092 732 3191 longitudo
751 3091 982 3190 transigitur
996 3091 1226 3167 determinat.

235 3208 376 3280 Notum
392 3230 460 3302 per
476 3207 615 3302 ignota.
671 3205 859 3279 Celerilas
877 3204 976 3277 enim
998 3230 1070 3278 vox
1087 3207 1135 3279 ab
1154 3231 1228 3280 om-

184 3321 292 3393 uibus
326 3320 556 3415 intelligitur,
588 3320 653 3393 sed
683 3319 833 3415 effectio
848 3356 852 3363 ·
867 3328 985 3392 motus
1018 3343 1042 3391 a
1071 3321 1227 3394 neruine.

185 3434 349 3529 Affectio
365 3433 584 3507 animalibus
596 3434 744 3530 proprie
761 3432 948 3520 tribuitur,
960 3443 1004 3505 ut
1015 3434 1141 3528 passio
1153 3458 1228 3508 eor·

183 3547 346 3642 poribus.
396 3546 601 3620 Besultare
624 3547 858 3641 affectionem
873 3544 1228 3641 nibilsignifieat‚·et

178 3671 241 3733 est
273 3660 439 3757 loquutio
469 3684 492 3732 a
521 3659 796 3734 demonstrandi
826 3658 968 3733 ratione
995 3659 1225 3736 alienissima

176 3774 295 3848 Quod
312 3787 436 3847 autem
450 3775 626 3870 sequitur,
640 3798 719 3870 quse
733 3798 801 3871 quo
815 3782 981 3872 tempore
995 3784 1137 3869 quanto
1153 3774 1226 3849 lon-

177 3888 313 3986 gitudo
354 3886 584 3985 transigitur
622 3886 856 3976 determinat,
896 3898 1041 3959 rectum
1078 3886 1224 3984 quidem

180 4014 248 4090 est,
276 3999 342 4074 sed
369 3998 602 4094 desumptum
629 4023 675 4072 ex
701 3999 795 4072 libro
820 4024 902 4073 meo
931 4019 986 4072 nn
1019 4019 1222 4092 consona,

176 4138 260 4210 eap.
282 4113 357 4187 viii.
382 4124 441 4185 art
463 4121 529 4185 15:
555 4111 619 4185 ubi
643 4111 876 4186 velocitatem
905 4110 1122 4186 definieram
1148 4138 1221 4189 esse

180 4236 323 4315 motum,
342 4235 517 4324 quatenus
534 4251 577 4300 eo
593 4223 787 4325 lorogitudo
801 4235 908 4306 carra
933 4234 1039 4300 certo
1064 4236 1221 4327 tempore
