2656 5136
193 652 266 719 294
605 665 828 719 nrrs'roum.

15 844 167 956 mad
194 857 278 908 rum
295 832 363 908 tibi
382 833 433 909 sit
448 832 724 909 eommunioure
740 834 776 909 ei
792 832 937 932 reliqua
953 855 1036 931 quae
1058 834 1101 908 in
1119 833 1260 909 eadem

15 968 153 1013 -s-a
195 947 352 1044 epistola
385 947 628 1022 eontinentur
656 946 757 1021 eirea
785 946 1076 1022 refractionem:
1106 946 1261 1023 ridebit

195 1060 295 1135 euim
308 1059 693 1157 parallelogrammum
709 1059 802 1135 illud
819 1084 893 1158 quo
909 1084 1000 1135 usus
1016 1084 1101 1135 sum
1118 1060 1175 1136 ad
1192 1086 1261 1137 ex-

194 1172 406 1270 plicandam
431 1173 530 1271 pilae,
545 1172 699 1248 minime
727 1174 891 1271 pertinet
912 1173 962 1248 ad
986 1174 1262 1251 refractionem

194 1287 357 1375 luminis,
369 1298 485 1383 prout
500 1286 563 1360 ille
580 1286 800 1383 suspicatur.
840 1285 954 1362 Quod
969 1286 1107 1360 attinet
1119 1286 1175 1361 ad
1190 1287 1263 1363 de-

196 1400 503 1474 monstrationem
515 1400 626 1474 amioi
637 1399 724 1490 mei,
741 1422 837 1485 eam,
854 1400 927 1474 uisi
943 1400 1054 1497 periit
1070 1422 1118 1474 eo
1140 1423 1263 1498 quem

196 1514 297 1586 nosti
311 1510 536 1602 aasu‚eredo
549 1510 832 1587 mohabitarum
846 1513 1262 1609 proximaseptimana:

198 1627 231 1700 si
247 1626 424 1715 habuero,
447 1625 516 1699 tibi
534 1624 828 1715 communicabo,
845 1648 966 1722 neque
983 1625 1137 1699 dominu
1164 1626 1266 1703 Des-

198 1752 321 1815 oartes
339 1738 496 1813 eandem
517 1738 704 1827 invidebo,
720 1740 759 1814 in
778 1761 852 1836 quo
874 1738 1069 1836 judicandi
1093 1739 1266 1816 faculta-

197 1864 275 1927 tem
302 1877 445 1927 summe
469 1851 646 1942 admiror,
670 1851 901 1950 diligentiam
931 1851 1116 1942 desidero,
1141 1876 1265 1951 qnam

198 1978 350 2041 rumore
363 1980 402 2039 te
415 1966 454 2039 in
470 1963 639 2063 legendis
652 1963 743 2039 meis
757 1964 934 2039 adbibere
949 1965 1052 2053 velit,
1065 1988 1184 2041 nemo
1201 1982 1268 2043 est

199 2080 260 2153 eui
276 2104 348 2172 ego
365 2101 561 2153 censuram
577 2100 707 2153 eorum
723 2077 899 2153 libentius
919 2078 1115 2153 deferrem.
1172 2080 1268 2157 Plu·

199 2192 334 2266 rimum
350 2191 445 2281 vale,
464 2202 503 2265 et
518 2189 603 2265 fave

681 2328 754 2404 Tui
771 2328 1101 2428 obsequentissima

239 2495 373 2569 Poma,
389 2494 458 2555 mr.
471 2494 500 2567 7,
514 2496 603 2555 1641.
1012 2480 1211 2556 Hanans.

403 2910 634 2964 caurnsrus
657 2910 710 2963 an
735 2891 1049 2964 unnsnuuuu*.

301 3066 620 3141 Reverendissime
640 3068 760 3156 Pater,

247 3180 330 3255 Etsi
340 3205 543 3277 sperassem
555 3206 600 3256 ea
609 3206 692 3278 quae
703 3182 742 3253 in
757 3180 1007 3276 superioribus
1019 3179 1111 3253 meis
1122 3181 1268 3258 litteris

200 3295 465 3391 responderam
476 3294 524 3368 ad
536 3295 682 3368 initium
694 3292 1082 3390 scriptiadoctissimo
1094 3297 1266 3390 quodam

200 3408 324 3505 Auglo
341 3407 390 3481 ad
407 3408 653 3482 reverentiam
671 3420 830 3479 vestram
849 3406 963 3494 missi,
979 3430 1037 3478 me
1055 3405 1266 3485 liberatura

201 3544 281 3594 esse
312 3544 424 3593 onere
454 3519 503 3593 ad
533 3519 674 3617 reliqua
704 3519 970 3616 respondendi:
1005 3519 1094 3614 quia
1129 3534 1264 3599 tamen

201 3633 440 3707 nibilominus
465 3632 597 3705 ultima
620 3645 707 3706 octo
724 3632 813 3705 solia
826 3632 955 3727 scripti
974 3644 1137 3706 svestra
1156 3660 1264 3711 reve·

202 3746 323 3819 rentia
351 3745 461 3819 hodie
492 3745 630 3839 accepi,
662 3745 843 3840 simulque
873 3745 1077 3817 admoneor
1111 3747 1263 3845 aliquos

202 3883 282 3934 esse
295 3884 341 3933 ex
355 3860 473 3933 doctis
488 3859 588 3947 viriS,
602 3859 665 3954 qui
681 3883 725 3932 ea
738 3883 820 3955 quae
833 3858 884 3931 ibi
899 3857 944 3930 de
959 3859 1262 3954 retractionibus,

243 4121 261 4156 ⁵
283 4120 344 4180 Des
358 4121 462 4182 Cautes
478 4132 565 4198 repul
579 4120 597 4178 ὲ
611 4121 712 4198 Leyde
733 4121 775 4179 les
799 4121 871 4178 trois
891 4121 1032 4196 premiere
1055 4120 1186 4184 souillers
1209 4131 1263 4204 qui

202 4216 388 4275 oontenaient
411 4216 454 4274 les
471 4216 630 4292 premieres
653 4214 813 4289 objections
826 4215 863 4272 de
878 4215 921 4272 M.
939 4215 1068 4284 Hobbes,
1083 4216 1112 4274 le
1127 4220 1169 4275 20
1183 4221 1263 4280 Jan-

202 4311 289 4368 vier:
310 4310 332 4367 il
349 4331 369 4388 y
391 4309 527 4385 repondit
543 4308 570 4366 le
584 4311 633 4366 21.
675 4308 702 4365 Il
718 4329 739 4386 y
761 4328 779 4366 a
801 4328 961 4384 apparenee
985 4329 1042 4383 que
1057 4329 1124 4367 vers
1143 4312 1172 4370 le
1187 4312 1206 4372 7
1223 4334 1263 4374 ou

203 4406 222 4461 8
238 4403 361 4461 Ferrier
374 4404 394 4460 il
408 4413 494 4479 repul
506 4403 534 4460 le
548 4414 632 4472 reste,
649 4402 753 4477 auquel
771 4402 792 4458 il
817 4403 850 4460 fit
874 4402 902 4460 la
923 4421 1060 4478 response
1080 4405 1132 4478 qui
1155 4406 1211 4466 snit
1235 4410 1264 4469 la

204 4499 270 4556 33⁶:
292 4497 361 4556 e'est
384 4497 527 4574 poumluoi
545 4494 579 4572 je
594 4498 652 4556 fixe
665 4507 743 4556 cette
757 4497 843 4555 lettre
857 4516 893 4554 en
908 4516 1030 4573 repense
1045 4517 1082 4555 au
1098 4501 1117 4556 8
1132 4498 1265 4563 Ferrier

206 4590 462 4652 ibib-Consus.
