2656 5136
160 656 213 723 ·36
415 670 613 726 nostros
633 670 957 727 onorrnrmcuar.

8 860 65 902 01³·
77 860 128 902 xv.
164 837 344 935 logisticae
366 862 454 930 suae,
470 840 530 916 vel
551 841 768 915 authoritati
794 842 964 933 aliorum,
976 863 1023 914 ea
1038 862 1120 938 qum
1141 860 1194 913 ue

0 1007 13 1038 μ
54 1001 77 1030 0
86 988 113 1032 (ιο
164 954 257 1025 scias
270 953 525 1049 pronunciare,
538 955 745 1050 praesertim
760 955 825 1029 nbi
842 980 917 1029 non
928 955 1037 1028 unius
1051 965 1196 1037 mutum

5 1052 124 1099 ‘'w‘'
164 1066 230 1140 sed
257 1068 456 1141 multorum
481 1068 750 1142 theorematum
780 1067 965 1143 certitudo
995 1066 1198 1141 labefactari

162 1180 289 1276 possit.
342 1181 463 1253 Multo
493 1180 704 1255 credibilius
737 1181 957 1277 pronunciat
984 1203 1009 1253 a
1036 1202 1199 1253 mensura

162 1317 310 1366 mensor
339 1293 506 1388 diligens,
534 1318 645 1391 quam
678 1295 743 1391 qui
775 1319 800 1369 a
831 1295 933 1368 falsis
965 1292 1199 1367 ratiocinatur

162 1407 373 1502 principiis:
410 1418 448 1478 et
481 1406 730 1503 algebristam,
758 1407 799 1482 id
827 1421 884 1481 est
919 1406 1198 1494 arithmeticum.

163 1530 293 1593 contra
343 1533 597 1593 mensuratum
642 1519 905 1615 disputantem,
951 1519 1200 1616 dicentemque

162 1632 260 1706 idem
288 1656 367 1706 esse
393 1632 490 1707 latus
507 1633 678 1730 quadrati
704 1646 742 1708 et
765 1635 930 1735 radicem
955 1635 1118 1726 numeri,
1133 1657 1200 1707 me

162 1747 233 1819 rito
251 1745 434 1819 irridebit.

211 1859 333 1931 Etiam
358 1858 562 1933 studiosum
585 1860 754 1935 veritatis
781 1884 891 1935 nemo
919 1860 1025 1935 illum
1051 1859 1200 1957 putabit,

161 1972 224 2068 qui
241 1972 514 2045 conclusionem
531 1972 660 2047 videns
678 1974 869 2048 sententiae
881 1997 958 2047 suae
970 1974 1201 2063 contrariam,

161 2085 290 2158 firltam
308 2097 431 2158 tamen
447 2085 704 2163 verisimilibus
720 2085 851 2160 saltem
867 2087 1111 2182 argumentis,
1121 2111 1201 2161 con·

160 2210 285 2273 tentus
303 2199 351 2271 sit
368 2221 533 2295 pugnare
550 2213 681 2273 contra
708 2199 824 2274 solam
853 2198 1201 2275 demonstrationem

160 2313 286 2409 (quae*
305 2311 502 2408 aliquando
520 2312 745 2387 adebilitate
762 2312 930 2409 procedit
946 2314 1005 2386 sui
1021 2313 1138 2409 ipsius
1152 2314 1201 2386 in-

159 2427 271 2523 genii,
287 2424 344 2497 vel
361 2426 407 2497 ab
425 2425 621 2500 omissione
644 2427 800 2523 alicujus
818 2426 1081 2521 propositionis
1099 2451 1201 2523 quam

161 2539 433 2613 demonstrator
472 2553 714 2634 supposuerat
752 2540 961 2636 geometris,
1002 2541 1201 2636 praesertim

159 2652 344 2749 professiS,
384 2674 463 2724 esse
504 2654 704 2748 cognitam)
738 2651 908 2748 neglecta
944 2653 999 2725 rei
1040 2654 1201 2727 veritate.

160 2767 257 2841 Nam
282 2765 492 2862 hujusmodi
519 2790 637 2841 mores
654 2791 730 2841 non
748 2778 836 2839 sunt
853 2767 1099 2861 quaerentium
1114 2767 1203 2841 reri·

161 2890 287 2969 tatem,
305 2878 370 2952 scd
386 2878 591 2953 victoriam.

210 2993 304 3068 Quae
317 2992 393 3065 dixi
407 2990 453 3064 de
470 2991 649 3065 linearum
662 3004 701 3065 et
718 2992 992 3088 superficierum
1010 2993 1203 3090 incongru-

159 3107 270 3196 entia,
296 3105 429 3179 clarius
452 3106 682 3201 apparebunt
708 3106 747 3180 in
775 3116 952 3202 sequente
977 3107 1202 3201 problemate

158 3219 348 3318 proposito
360 3219 408 3291 ad
424 3219 649 3316 algebristas

551 3634 688 3708 PROP.
710 3633 813 3707 XVI.

161 3800 459 3874 Dnsonrsnron
477 3797 697 3895 quadratum
707 3797 854 3886 ABCD,
869 3807 906 3870 et
924 3797 1113 3874 dividatur
1128 3813 1204 3874 tum

160 3914 308 3987 arcetis
324 3913 396 4002 EF,
410 3912 494 3995 GH,
513 3923 592 3984 tum
610 3935 632 3983 a
650 3909 904 4006 diagonalibus
923 3910 1003 4000 AC,
1020 3912 1101 4004 BD,
1119 3937 1205 3987 con·

161 4026 392 4101 currentibus
409 4026 449 4098 in
467 4025 496 4113 I,
515 4023 787 4121 quadrifariam.

210 4139 254 4214 In
273 4138 333 4213 FC
361 4138 542 4235 producta
576 4147 742 4209 sumatur
770 4137 833 4210 FK
862 4137 1013 4233 aequalis
1045 4138 1205 4213 dimidiae

163 4253 247 4342 MF,
272 4254 521 4349 jungaturque
540 4249 630 4339 MK,
649 4273 759 4345 quam
786 4248 889 4322 radio
908 4249 981 4323 Mn*
999 4249 1206 4350 descriptus

160 4387 268 4440 arcus
285 4362 343 4436 Fd
356 4377 456 4437 secet
473 4364 510 4436 in
530 4362 559 4435 d
569 4395 578 4447 ;
598 4374 641 4435 ut
654 4362 728 4436 sint
746 4361 829 4453 MF,
847 4363 919 4436 Md
933 4364 1107 4460 aequales.
1142 4367 1206 4441 Se-

538 4613 555 4649 *
572 4611 620 4674 Sic
634 4613 703 4674 edit
722 4610 807 4674 1671.
