2656 5136
484 1078 769 1157 PRAEFATIO.

47 1449 104 1522 Ex
135 1472 213 1546 quo
245 1457 441 1543 coeperunt
471 1446 604 1542 agitari
630 1447 892 1521 ‘controversiae
925 1447 1196 1521 mathematicae

47 1565 140 1639 iuter
159 1564 401 1638 Hobbesium
418 1575 456 1636 et
480 1562 701 1652 Wallisium,
720 1563 831 1660 elapsi
859 1575 946 1637 sunt
962 1564 1095 1661 viginti
1117 1565 1195 1638 fere

47 1683 144 1757 anni.
200 1681 439 1756 Qoaestiones
470 1691 594 1753 autem
624 1680 829 1754 interillos
860 1680 1056 1779 disputatae
1083 1683 1196 1756 totius

47 1799 260 1896 geometriae
284 1809 372 1871 sunt
389 1797 624 1886 difficillimae,
649 1809 687 1871 et
710 1798 867 1871 maxime
884 1814 1075 1891 περιμάχητοι,
1094 1809 1131 1873 et
1149 1799 1196 1873 de

47 1940 203 2013 quarum
222 1915 540 1989 demonstratione
557 1915 651 1989 adeo
669 1915 848 1989 hactenus
875 1915 1110 2012 desperatum
1128 1929 1196 2007 est,

49 2034 171 2131 utqui
192 2033 307 2106 hodie
323 2032 434 2106 unius
451 2032 648 2128 cujuslibet
671 2032 816 2105 illarum
843 2031 1197 2108 demonstrationem

48 2151 232 2224 invenisse
246 2174 288 2223 se
301 2149 531 2246 praedicaret,
545 2173 613 2245 pro
628 2151 757 2223 insano
775 2164 814 2223 et
830 2149 984 2223 ridicule
998 2164 1197 2247 arrogante

47 2269 245 2342 acaeteris
275 2265 549 2341 mathematicis
576 2267 786 2340 haberetur.
841 2267 1084 2341 Contentioni
1111 2269 1197 2343 huic

48 2387 281 2461 occasionem
292 2386 449 2482 praebuit
462 2385 642 2458 Hobbesii
654 2385 745 2457 liber
757 2385 905 2481 quidam
919 2407 971 2457 nn
989 2408 1196 2476 conpotes,

48 2503 167 2577 editus
186 2505 342 2577 ineunte
358 2527 456 2576 anno
478 2503 627 2575 Domini
652 2503 796 2577 1653*:
823 2503 886 2600 qui
913 2502 1007 2576 liber
1030 2504 1196 2577 contine-

48 2619 119 2708 bat,
138 2621 239 2694 inter
261 2620 347 2708 alia,
364 2619 545 2716 principia
562 2619 702 2714 aliquot
719 2619 949 2714 geometrica
966 2645 989 2692 a
1005 2619 1197 2716 principiis

48 2736 155 2810 hodie
174 2736 337 2834 receptis
368 2736 626 2832 discrepantia,
651 2747 688 2808 et
705 2748 884 2831 praeterea
911 2737 1196 2810 demonstratio-

48 2876 141 2943 nem,
159 2869 204 2929 ut
221 2853 382 2928 vocabat
404 2853 477 2943 ille,
495 2853 712 2949 aequalitatis
735 2853 833 2925 inter
856 2853 991 2926 lineam
1010 2853 1196 2951 quandam

49 2985 187 3046 rectam
206 2982 246 3044 et
265 2982 434 3066 quartam
450 2980 593 3065 partem
612 2968 918 3043 circumferentiae
937 2970 1077 3043 circuli.
1113 2971 1196 3043 Disss

48 3089 176 3185 plicuit
210 3086 398 3184 plerisque
431 3087 701 3159 mathematicis
734 3086 871 3159 fiducia
894 3088 974 3159 haec
1004 3087 1195 3178 Hobbesii,

48 3204 254 3302 praesertim
280 3203 495 3276 clarioribus
523 3215 561 3275 et
579 3202 832 3276 Academicis:
861 3227 1016 3299 quorum
1039 3202 1195 3277 fortasse

49 3321 217 3395 nonnulli
246 3320 415 3393 arbitrati
444 3331 531 3392 sunt
558 3319 772 3393 difficillima
799 3344 954 3416 quaeque
981 3322 1195 3417 geometriae

48 3439 276 3536 problemata
294 3437 362 3510 sibi
382 3435 468 3509 solis
494 3436 715 3510 invenienda
742 3437 934 3511 reservari.
987 3438 1119 3534 ltaque
1147 3438 1196 3513 ad

49 3552 286 3629 evertendam
317 3552 669 3625 demonstrationem
697 3554 808 3642 illam,
837 3568 876 3627 et
904 3554 1084 3627 Hobbesii
1106 3580 1194 3652 geo-

49 3672 219 3745 metriam
237 3669 458 3756 universam,
482 3666 600 3740 edidit
626 3668 762 3743 librum
787 3671 977 3744 Johannes
994 3672 1193 3768 wallisius,

49 3787 86 3862 in
103 3786 308 3861 Academia
324 3785 526 3859 Oxoniensi
549 3784 738 3860 Professor
764 3787 986 3863 Geometriae
1011 3791 1194 3886 publicus,

48 3906 107 3978 cui
134 3903 267 3977 titulus
291 3919 371 3975 erat
403 3900 587 3974 Elcnchcs
619 3902 843 3978 Geometrioe
871 3905 1091 3980 Hobbianoe.
1153 3916 1195 3977 Ex

48 4034 256 4112 τοῦδεᾶρχεται
270 4034 284 4091 ὁ
298 4035 438 4109 atnepos:
469 4031 686 4116 gestumque
720 4034 776 4094 est
805 4024 942 4096 bellum
977 4037 1196 4122 perpetuum

48 4139 145 4211 iuter
168 4137 251 4210 illos
268 4137 346 4209 sine
365 4137 521 4209 induciis
546 4140 824 4233 geometricum.
876 4142 978 4214 Nihil
1002 4144 1100 4214 euim
1117 4143 1198 4217 fere

50 4255 95 4326 ab
113 4254 231 4326 altero
255 4253 433 4348 scriptum
452 4263 519 4340 est,
538 4255 637 4348 quod
663 4256 709 4328 ab
728 4257 845 4333 altero
863 4283 939 4331 non
963 4273 1020 4332 est
1045 4260 1193 4355 publice

50 4383 315 4468 oppugnatum.

468 4610 485 4643 ⁴¹
503 4607 551 4668 Sic
578 4611 647 4668 edit.
666 4612 751 4671 1672.
