2692 4792
201 264 248 331 50
451 277 646 330 nosnuuu
669 278 988 333 danamarcam

0 468 86 509 ¹1201’·
100 469 165 511 xxr.
251 446 438 522 Quoniam
455 448 552 522 enim
565 400 792 544 ¹quadratum
809 448 856 522 ab
869 446 938 522 AB
952 456 1010 523 est
1026 447 1076 521 ad
1089 447 1243 545 quadra·

14 538 157 570 b-s---a

0 599 107 639 aaa„
119 596 189 652 gan.
201 570 280 633 tum
297 583 320 632 a
337 551 418 650 ΒΧ,
437 560 512 633 sive
526 560 600 649 BT,
615 571 658 634 ut
673 570 695 633 3
709 560 757 634 nd
772 571 802 651 l,
815 572 853 635 et
865 561 1089 658 quadratum
1101 586 1125 634 a
1137 562 1239 635 semi·-

0 663 37 703 “¹⁸
53 660 134 714 'm’
147 667 187 707 ²¹⁰·
201 672 386 769 diagonali
411 670 464 745 BI
490 686 547 747 est
572 673 765 746 dimidium
792 673 963 771 quadrati
988 675 1037 749 ab
1061 674 1150 748 AB:
1175 677 1240 749 erit

202 784 422 881 quadratum
439 810 462 859 a
478 784 531 859 BI
548 785 597 860 ad
614 785 834 882 quadratum
850 812 875 860 a
890 785 958 860 BT
979 801 1023 861 ut
1044 785 1140 879 ss-ad
1161 798 1193 880 l,
1205 788 1240 863 id

202 911 271 988 est,
287 909 332 971 ut
347 907 369 972 3
386 898 434 971 ad
451 907 488 972 2.

250 1011 318 1084 Est
334 1023 459 1084 autem
470 1011 657 1085 trilineum
671 1009 842 1091 ABCLA
854 1012 903 1087 ad
914 1011 1095 1087 bilineum
1108 1011 1240 1089 ALcA

200 1135 242 1199 ut
259 1133 282 1197 2
300 1124 348 1197 ad
367 1133 407 1196 3:
425 1125 524 1222 quod
541 1125 595 1198 sio
613 1125 779 1200 ostendo.

250 1238 419 1311 Gnomon
436 1235 551 1310 YBM
568 1249 625 1311 est
638 1239 768 1334 quinta
784 1261 869 1335 pars
883 1235 1056 1335 quadrati
1075 1236 1240 1329 DYQM,

198 1349 239 1423 id
255 1362 323 1440 est,
341 1351 470 1447 quinta
486 1374 571 1448 pars
589 1351 803 1447 quadrantis
821 1349 937 1427 DAG.
989 1351 1118 1427 Quare
1132 1353 1240 1427 etiam

199 1463 387 1538 trilineum
393 1462 563 1538 ABCLA
573 1476 629 1537 est
643 1464 772 1560 quinta
784 1487 882 1561 pars,
897 1464 973 1538 sive
984 1463 1067 1538 duaa
1078 1464 1241 1555 decimae,

199 1577 371 1675 quadrati
388 1575 535 1653 ABCD.
587 1575 656 1651 Est
678 1590 803 1652 autem
826 1577 1052 1675 triangulum
1069 1577 1174 1653 ABc
1191 1578 1243 1653 di·

198 1691 365 1780 midinm,
396 1691 473 1764 sive
507 1691 670 1788 quinque
699 1691 863 1782 deeimae,
891 1692 1066 1789 quadrati
1095 1691 1241 1769 ABCD.

199 1804 275 1879 Sed
296 1804 481 1902 quadrans
505 1802 607 1878 DAG
633 1815 691 1879 est
708 1816 866 1901 quatuor
886 1805 1040 1903 quintae,
1060 1806 1141 1880 sive
1161 1819 1242 1882 octo

199 1917 365 2003 decimae,
405 1915 578 2013 quadrati
616 1915 764 1991 ABCD.
823 1918 892 1992 Est
933 1942 1022 2016 ergo
1064 1918 1242 1995 bilineum

199 2029 337 2105 ALCA
353 2040 428 2103 tres
445 2029 598 2104 decimae
616 2029 787 2125 quadrati
805 2028 953 2106 ABGD.

250 2144 318 2218 Est
334 2144 450 2239 igitur
465 2142 562 2217 ratio
578 2142 715 2218 trilinei
739 2142 787 2216 ad
809 2143 987 2219 bilineum
1012 2143 1147 2221 eadem
1164 2169 1241 2243 qua

199 2267 223 2333 2
238 2257 286 2330 ad
297 2266 337 2331 3:
355 2256 394 2329 id
407 2268 475 2342 est,
486 2256 676 2351 reciproca
688 2256 843 2331 rationis
853 2268 933 2330 tum
946 2257 1241 2355 magnitudinum

201 2370 350 2462 ALCA,
370 2368 550 2460 ABCLA,
567 2381 647 2444 tum
665 2369 928 2467 quadratorum
946 2369 1012 2461 BI,
1030 2367 1111 2445 BT.
1154 2371 1240 2446 Jun-

200 2496 312 2581 gatur
327 2484 392 2558 AF
413 2507 541 2558 secans
568 2482 800 2580 diagonalem
816 2480 892 2560 BD
909 2484 949 2559 in
966 2507 1002 2584 o.
1057 2484 1240 2560 Quoniam

200 2622 289 2694 ergo
307 2595 375 2671 AB
393 2608 450 2671 est
466 2596 579 2692 dupla
595 2594 671 2687 BF,
686 2607 723 2670 et
739 2596 895 2692 angulus
910 2595 1010 2669 ABF
1027 2620 1051 2670 a
1067 2610 1174 2673 reeta
1188 2596 1240 2681 Ba

145 2800 147 2804 Α
201 2710 338 2785 divisus
371 2710 553 2801 bifariam,
587 2710 660 2785 erit
693 2710 754 2783 Aa
788 2709 901 2809 dupla
935 2710 1001 2784 oF.
1052 2710 1121 2786 Est
1156 2735 1238 2808 ergo

199 2835 379 2922 punctum
392 2849 417 2897 a
430 2835 598 2899 centrum
610 2823 803 2919 gravitatis
817 2823 931 2898 totius
941 2823 1119 2920 trianguli
1132 2823 1237 2900 ABG.

252 2939 405 3013 Seoetur
422 2937 480 3012 αΤ
497 2937 666 3012 bifariam
691 2938 731 3012 in
752 2936 786 3028 b,
805 2952 1045 3034 sumaturque
1063 2962 1111 3011 ac
1133 2938 1239 3036 tripla

199 3051 267 3139 Tb,
285 3051 405 3148 sitque
422 3062 589 3126 centrum
605 3051 709 3124 librae
722 3075 758 3124 a.
792 3050 874 3125 Erit
891 3074 980 3148 ergo
992 3062 1036 3124 ut
1052 3051 1237 3126 trilinenm

201 3163 372 3239 ABCLA
388 3164 436 3238 ad
459 3164 637 3237 bilineum
655 3161 803 3253 ALGA,
821 3163 860 3238 id
886 3175 943 3238 est
964 3176 1008 3238 ut
1025 3173 1048 3238 2
1068 3164 1117 3238 ad
1137 3175 1172 3256 3,
1189 3166 1237 3239 ita

201 3278 388 3375 reciproce
405 3303 452 3351 ca
468 3277 517 3352 ad
532 3278 600 3365 αΤ,
617 3301 749 3374 nempe
766 3287 809 3350 ut
827 3286 849 3350 3
867 3277 915 3351 ad
931 3288 969 3352 2.
1019 3278 1088 3352 Est
1105 3277 1239 3376 ergo'l'

200 3401 370 3464 centrum
400 3391 594 3489 gravitatis
624 3390 752 3465 bilinei
775 3388 924 3481 ALOA,
951 3403 991 3466 et
1016 3404 1239 3488 puuctumc

201 3515 371 3579 centrum
404 3504 594 3602 gravitatis
625 3503 762 3580 trilinei
790 3501 970 3580 ABGLA.
1023 3505 1137 3581 Quod
1163 3513 1236 3580 erat

202 3618 539 3695 demonstrandum.
611 3620 615 3626 '
