2656 5136
170 644 243 712 218
472 663 713 718 nutemus
731 664 921 720 osrtctts.

3 852 156 892 ommes.
172 826 273 922 quod
296 838 418 901 motus
446 840 699 926 propagatum
726 830 863 904 sufficit
878 829 980 904 enim
1005 840 1051 904 ut
1079 852 1204 926 perun,

172 941 246 1012 imo
266 940 527 1014 insensibiliter
546 954 699 1030 motum,
718 942 916 1039 protrudut
932 941 973 1016 id
989 940 1092 1039 quod
1110 966 1205 1039 prox-

171 1053 244 1125 ime
261 1051 409 1139 sdstat3
435 1077 522 1128 nam
547 1054 587 1129 id
605 1054 705 1153 quod
722 1055 858 1147 adstat,
875 1057 1024 1153 pulsum
1042 1080 1110 1130 suo
1125 1055 1204 1143 locu,

170 1165 275 1260 pellit
301 1190 444 1264 quoque
471 1167 572 1264 quod
601 1181 658 1243 est
687 1169 898 1266 proximum
927 1168 1011 1259 sibi,
1034 1180 1144 1268 atque
1169 1192 1204 1243 eo

170 1279 281 1352 modo
297 1294 419 1355 motus
435 1282 701 1378 propagabitur
716 1293 897 1380 quantum
912 1282 1079 1357 libueris

219 1414 277 1465 ιν.
304 1392 485 1467 Lucidum
498 1418 607 1468 omne
618 1393 856 1492 undiquaque
873 1419 897 1468 a
910 1394 1098 1492 quotlibet
1112 1393 1204 1469 simul

170 1506 430 1601 aspicientibus
447 1506 565 1580 videri
581 1517 716 1604 potest.

220 1641 258 1691 v.
288 1618 454 1692 Medium
479 1620 599 1693 rarius
628 1644 721 1694 voco
744 1620 844 1719 quod
871 1619 995 1695 minus
1017 1632 1203 1695 contunsa

170 1745 226 1804 est
256 1731 431 1806 adversus
464 1743 607 1806 motum
636 1731 913 1830 recipiendum:
940 1732 1094 1809 densius
1120 1730 1203 1831 quod

169 1846 298 1941 magis.
367 1845 502 1918 Aerem
534 1855 660 1919 sutem
693 1844 873 1920 rariorem
906 1868 1080 1945 suppono
1108 1868 1202 1945 quen

169 1981 314 2056 equam,
332 1982 444 2055 quem
457 1958 605 2047 vitrum,
623 1980 734 2055 quam
752 1956 969 2033 cristallum.

541 2244 793 2299 Puoeostnto
820 2242 849 2298 1.

172 2386 284 2460 Omne
312 2386 474 2461 lucidum
501 2386 643 2460 dilatat
671 2410 725 2474 se,
755 2384 997 2481 tumescitque
1027 2384 1067 2458 in
1096 2382 1201 2459 moen

218 2502 405 2596 mojorem,
424 2500 629 2597 iteransque
645 2498 835 2573 contrahit
850 2521 903 2589 se,
911 2507 1139 2596 perpetuam
1149 2497 1201 2570 lm

222 2613 310 2686 bens
327 2612 502 2709 systolem
518 2622 555 2685 et
572 2611 781 2686 diastolem.

217 2750 403 2824 Quoniam
426 2751 524 2824 enim
552 2750 633 2846 (per
661 2749 882 2846 hypothesin
908 2749 1098 2847 quartam)
1125 2746 1200 2821 luei-

167 2863 255 2936 dum
281 2888 389 2937 omne
414 2864 523 2937 simul
548 2862 785 2959 undiquaque
801 2862 962 2951 videtur,
981 2863 1076 2937 visio
1093 2873 1200 2937 autem

170 2979 252 3073 (per
279 2977 512 3074 hypothesim
538 2976 755 3069 secundam)
774 2977 842 3049 fiat
861 2976 908 3049 ab
925 2975 1077 3051 nodone
1092 2971 1198 3064 lucidi,

165 3101 204 3163 et
217 3101 273 3164 est
293 3091 375 3188 (per
391 3090 627 3188 hypothesim
643 3088 816 3187 primam)
838 3088 959 3162 omnis
976 3088 1077 3163 aetio
1095 3097 1199 3163 motus

166 3204 295 3278 localis
312 3203 352 3278 in
377 3215 530 3302 agente:
556 3203 734 3301 sequitur,
759 3225 839 3276 esse
866 3203 906 3275 in
931 3201 1058 3277 lucido
1075 3214 1198 3277 motum

165 3341 291 3391 versus
309 3342 437 3392 omnes
452 3328 575 3414 partes
592 3316 712 3390 simul.
765 3316 864 3391 Quis
880 3338 970 3390 vero
985 3315 1110 3391 lueida
1125 3313 1198 3388 dum

165 3431 338 3506 videntur
355 3455 431 3506 non
454 3431 718 3528 disperguntur
743 3451 860 3525 usque
887 3426 937 3501 ad
954 3428 1085 3503 oculos
1108 3423 1197 3502 nudi·

164 3568 311 3642 qusque
323 3544 549 3618 videntium:
568 3545 621 3617 sic
639 3543 739 3617 enim
755 3540 1026 3640 perderentur:
1044 3546 1195 3616 restutnt

164 3669 288 3754 partes
305 3658 419 3733 lucidi
436 3681 527 3754 quas
545 3667 732 3732 ostensum
754 3667 812 3729 est
828 3654 970 3728 moveri
988 3678 1115 3730 versus
1129 3674 1193 3727 om·

164 3795 231 3844 nes
248 3781 371 3868 partes
387 3772 508 3862 simul,
526 3794 565 3844 se
582 3771 716 3845 iterum
739 3767 932 3865 recipiant.
987 3768 1074 3842 Hoc
1089 3776 1192 3842 auten

163 3885 263 3959 idem
280 3897 336 3960 est
351 3910 396 3960 ac
410 3887 441 3960 si
458 3884 664 3959 diceremus
678 3894 799 3957 totum
815 3880 980 3956 lucidum
995 3891 1190 3964 tumescere,

161 4010 201 4074 et
225 4000 359 4073 iterum
383 4023 422 4073 se
445 3999 664 4074 contrahere
687 3995 841 4072 alternis
867 3994 1022 4086 vicibus,
1047 3996 1122 4070 sive
1139 3992 1189 4066 ha·

161 4113 249 4186 bere
267 4123 482 4210 perpetuam
500 4110 677 4210 systolem
693 4121 733 4183 et
749 4105 959 4183 diastolem.
1007 4106 1116 4182 Quod
1126 4110 1187 4178 orat

161 4226 404 4324 probandum.

211 4338 368 4413 Videtur
384 4349 520 4427 autem,
535 4360 646 4434 quam
662 4333 815 4410 inomni
832 4357 988 4431 corpore
1004 4331 1123 4409 lucido
1136 4325 1183 4401 oh
1237 4344 1240 4437 g

161 4475 349 4528 servamus
364 4465 402 4528 et
419 4452 647 4550 appellemus
664 4447 978 4540 scintillationem,
996 4446 1086 4525 nihil
1104 4433 1181 4519 uliud
1237 4464 1240 4487 ¹

159 4590 239 4643 esse
257 4567 481 4665 quambene
499 4565 673 4663 systolem
690 4574 727 4640 et
744 4560 950 4639 diastolem.
