2692 4792
4 707 79 750 8'01’.
91 710 155 752 xvt.

2 777 145 811 §.ns—a

0 845 102 903 igrenio
111 848 139 891 de

7 909 13 922 ’
31 930 54 948 vu
63 912 100 956 din
108 920 149 959 ele.

189 505 237 573 ³8
439 524 635 580 nostrum
656 528 978 583 onomnrnrcusr.

187 696 244 760 est
261 697 391 761 eontra
406 689 608 782 Euclidem,
626 693 689 789 qui
718 691 996 783 demonstravit,
1014 694 1046 768 si
1076 705 1158 769 tota
1181 697 1221 770 sit

186 800 385 888 rationalis,
402 813 599 899 utrumque
625 820 854 900 segmentum
882 830 961 880 esse
984 807 1120 881 lineam
1138 808 1222 882 irra-

188 913 374 987 tionalem.
427 915 508 988 Nisi
532 916 796 992 demonstratio
819 920 901 993 haee
929 919 1154 1011 confutetur,
1171 946 1222 995 ra-

186 1025 298 1098 tionis
312 1050 385 1101 non
403 1040 457 1101 est
471 1041 513 1102 ut
524 1043 718 1126 arguentes
736 1056 758 1104 a
775 1044 957 1128 potestate
973 1033 1157 1107 linearum
1173 1036 1222 1107 ul-

187 1139 301 1212 terius
330 1140 537 1214 audiantur.
590 1143 705 1215 Linea
733 1144 829 1217 inter
856 1145 1049 1240 parallelas
1080 1146 1222 1244 oblique

185 1251 308 1341 dueta,
327 1253 366 1327 in
382 1255 542 1328 rationes
569 1254 697 1328 referri
723 1256 902 1331 linearum
925 1282 1102 1355 purarum
1127 1262 1223 1336 nulla

184 1364 312 1437 debet:
345 1367 432 1461 quia
457 1368 732 1443 considerandae
759 1382 846 1443 sunt
871 1371 930 1443 vel
957 1382 1000 1444 ut
1028 1371 1221 1468 triangula,

182 1478 241 1550 vel
258 1491 300 1551 ut
317 1480 657 1576 parallelogramma
683 1483 945 1579 obliquangula
962 1486 1118 1574 minuta,
1136 1511 1222 1583 quo·

183 1614 263 1663 rum
298 1592 491 1689 longitudo
518 1618 592 1666 non
621 1606 678 1667 est
707 1595 961 1670 determinata.
1014 1598 1114 1671 Nam
1147 1600 1222 1672 lon·

181 1704 312 1800 gitudo
346 1707 475 1800 figurae
506 1707 607 1780 nulla
637 1721 739 1781 certa
766 1722 833 1801 est,
863 1724 999 1807 praeter
1029 1735 1113 1785 eam
1143 1736 1221 1810 quae

181 1830 334 1892 vocatur
352 1817 521 1892 altitudo.

558 2287 695 2362 PROP.
722 2287 843 2361 XVII.

180 2486 308 2538 LATUS
343 2484 570 2538 ICOSAEDRI
597 2485 776 2545 AEQUALE
806 2485 882 2537 EST
909 2485 1071 2538 TERTIAE
1097 2489 1215 2542 PARTl

279 2600 551 2652 SEMICIRCULI
574 2600 620 2650 IN
651 2598 731 2651 SUA
751 2598 922 2650 SPHAERA
942 2599 1120 2654 ΜΑΧΙΜΙ.

175 2731 475 2805 Duscnrnarun
509 2728 729 2827 quadratum
762 2726 926 2816 ABCD,
961 2741 999 2802 et
1033 2729 1216 2805 dividatur

174 2845 343 2917 bifariam
373 2867 396 2915 a
424 2855 525 2915 reeta
548 2843 608 2914 EF
633 2841 807 2938 parallelo
833 2841 1007 2916 lateribus
1033 2843 1114 2929 AB,
1137 2846 1213 2920 DC.

176 2957 414 3030 Describatur
432 2956 615 3052 quadrans
633 2955 746 3043 ABD,
773 2955 876 3050 eujus
894 2979 1000 3029 arcus
1017 2971 1120 3030 secet
1137 2982 1214 3032 reo-

173 3085 250 3143 tam
267 3071 327 3143 EF
344 3071 382 3142 in
401 3070 447 3142 K.
498 3070 635 3142 Juncta
648 3069 716 3140 ΑΚ
734 3067 959 3164 producatur
976 3068 1024 3141 ad
1039 3069 1101 3142 BC
1119 3070 1158 3143 in
1176 3071 1212 3145 P.

173 3186 240 3257 Est
267 3208 355 3279 ergo
385 3183 445 3256 BP
462 3194 617 3278 tangens
637 3189 684 3254 30
702 3180 905 3276 graduum:
932 3182 992 3254 eui
1018 3181 1147 3257 addita
1163 3183 1212 3256 Pb

172 3298 303 3393 aequali
321 3297 427 3369 lateri
445 3295 522 3382 BC,
545 3309 626 3368 tota
644 3293 698 3366 Bb
724 3294 929 3389 composita
946 3295 1018 3367 erit
1035 3318 1080 3367 ex
1098 3296 1211 3369 latere

171 3425 209 3483 et
237 3421 412 3505 tangente
437 3418 485 3483 30
505 3407 698 3504 graduum.
751 3406 916 3479 Duoatur
945 3407 1058 3479 etiam
1086 3407 1211 3505 diago-

170 3524 262 3596 nalis
280 3524 355 3611 AC,
375 3547 486 3617 quam
499 3514 606 3593 ¹recta
623 3521 683 3592 EF
699 3533 799 3592 secat
816 3519 985 3592 bifariam
1002 3521 1040 3592 in
1060 3521 1086 3594 i.

218 3637 240 3709 J
244 3648 402 3732 ungatur
419 3635 501 3723 DK,
521 3635 661 3729 eritque
680 3631 784 3705 ΑΚΒ
808 3632 1034 3730 triangulum
1062 3635 1209 3732 aequila-

170 3761 301 3822 terum.

219 3863 262 3935 ln
285 3863 400 3935 latere
423 3860 490 3934 AD
515 3870 680 3932 sumatur
698 3858 754 3931 Ac
771 3859 881 3932 tertia
907 3861 985 3954 ejus
1011 3884 1109 3955 pars,
1124 3863 1208 3957 jun-

165 3987 344 4071 gaturque
375 3976 444 4062 clx',
480 3985 517 4046 et
546 3973 771 4070 producatur
804 3972 975 4045 adlatus
1006 3971 1069 4047 BC
1097 3975 1138 4049 in
1163 4000 1205 4058 e;

166 4091 308 4186 eritque
335 4091 384 4161 Fe
409 4088 519 4160 tertia
547 4111 631 4182 pars
662 4086 742 4168 FP;
773 4097 811 4158 et
841 4100 1037 4182 propterea
1060 4087 1134 4160 erit
1157 4089 1207 4162 Be

165 4206 275 4277 tertia
288 4227 371 4300 pars
385 4203 497 4275 totius
513 4201 579 4288 Bb,
590 4224 657 4297 per
670 4199 838 4272 Consect.
850 4199 889 4271 iii
905 4200 1071 4295 septimae
1086 4201 1205 4297 huJus.

214 4319 257 4389 ln
292 4315 402 4388 rectis
439 4314 520 4403 KA,
546 4313 615 4387 ΚΒ
646 4325 838 4385 sumantur
868 4313 936 4401 Ka,
961 4309 1018 4385 Kl3
1050 4325 1205 4412 utraque

164 4429 313 4525 aequalis
331 4439 471 4525 quartae
498 4426 595 4522 parti
623 4424 826 4520 diagonalis
844 4424 923 4516 AC,
942 4424 1018 4499 sive
1043 4425 1204 4501 dimidia
