2692 4792
257 243 328 323 274
574 263 857 316 ossucmorsus
878 263 967 316 uuo.

72 451 217 492 ommno
306 428 455 515 crimen,
498 428 535 501 in
568 454 610 501 eo
643 430 744 526 quod
778 455 960 527 nunquam
996 430 1178 502 insomnia
1215 455 1281 502 cum

81 531 207 574 nortus.

71 601 214 637 *ar-³

304 541 458 639 reliquis
475 542 638 614 omnihus
662 541 866 615 actionibus
883 543 969 616 vitre
985 568 1009 615 a
1026 543 1200 616 memorio
1215 567 1284 614 coc·

295 655 520 754 jungantur.

306 816 442 891 Quaero
470 828 593 891 utrum
621 817 670 890 sit
690 817 762 890 hoc
789 829 945 906 certum,
963 816 1065 914 quod
1092 816 1174 914 quis
1201 842 1286 890 som-

255 929 361 1004 nians
390 953 430 1003 se
463 928 632 1002 dubitare
656 953 703 1003 en
734 931 893 1003 somniet
921 954 1050 1021 necne,
1073 954 1150 1004 non
1182 931 1289 1027 possit

255 1041 436 1116 somniare
463 1042 647 1115 cohaerere
675 1064 781 1114 suum
812 1042 996 1115 somnium
1017 1067 1104 1116 cum
1125 1041 1220 1116 ideis
1242 1067 1288 1115 re·

253 1179 336 1229 rum
357 1155 470 1251 ionga
491 1155 585 1227 serie
608 1154 889 1250 praeteritarum.
941 1156 981 1229 Si
998 1167 1134 1252 potest,
1154 1180 1199 1229 ea
1216 1181 1290 1252 quae

254 1268 451 1342 somnianti
475 1267 645 1341 videntur
675 1291 754 1340 esse
781 1266 945 1342 actiones
971 1269 1058 1343 vitae
1088 1293 1167 1343 suae
1195 1281 1291 1342 aute-

252 1391 357 1470 actae,
375 1392 529 1478 possunt
547 1381 688 1453 censeri
704 1404 772 1477 pro
789 1382 884 1455 veris
905 1405 981 1455 uon
999 1382 1121 1455 minus
1139 1383 1291 1479 quamsi

251 1494 431 1592 vigilaret.
489 1494 683 1584 Praeterea,
718 1495 904 1591 quoniam,
935 1508 979 1568 ut
1011 1494 1091 1592 ipse
1126 1496 1290 1582 affirmat,

252 1608 371 1682 omnis
401 1607 563 1682 scientiae
592 1607 776 1681 certitudo
807 1619 846 1680 et
877 1607 1010 1681 veritas
1040 1609 1086 1680 ab
1122 1631 1200 1680 una
1221 1609 1291 1682 veri

251 1721 321 1795 Dei
347 1720 557 1817 cognitione
586 1720 736 1816 pendet,
754 1720 885 1794 atheus
901 1721 960 1793 vel
985 1744 1061 1793 non
1082 1732 1209 1818 potest
1226 1722 1292 1794 col-

251 1833 364 1930 ligere
388 1857 426 1906 se
449 1832 601 1929 vigilare
630 1857 676 1905 ex
705 1833 884 1906 memoria
908 1845 1089 1906 anteactae
1113 1834 1213 1923 vitae,
1239 1834 1291 1907 vel

251 1957 372 2044 potest
400 1946 530 2044 aliquis
556 1944 649 2018 scire
677 1969 716 2018 se
738 1945 890 2042 vigilare
918 1946 997 2019 siue
1015 1945 1094 2019 veri
1119 1946 1192 2021 Dei
1213 1972 1291 2043 cog·

251 2058 403 2134 uitione.

645 2244 893 2296 RESPONSIO.

300 2372 387 2445 Non
404 2382 526 2468 potest
552 2373 738 2447 somnians
756 2397 800 2446 ea
818 2398 900 2471 quae
923 2373 1084 2447 somniat
1101 2398 1188 2446 cum
1205 2374 1291 2448 ideis

250 2508 374 2558 rerum
407 2486 676 2582 preteritarum
705 2509 834 2560 revera
867 2497 1098 2571 connectere,
1129 2488 1291 2582 quemvis

250 2598 431 2673 somniare
461 2599 579 2696 possit
603 2623 642 2672 se
668 2612 900 2675 connectere.
954 2600 1048 2674 Quis
1066 2601 1167 2673 enim
1184 2613 1291 2698 negot

252 2710 493 2786 dormientem
509 2713 586 2786 falli
601 2713 737 2811 posse?
773 2712 889 2811 Atqui
903 2725 1032 2811 postea
1043 2728 1290 2811 experrectus,

250 2840 412 2898 errorem
430 2850 535 2899 suum
551 2826 659 2899 facile
677 2825 880 2923 dignoscet.

300 2938 428 3013 Potest
444 2963 531 3012 vero
559 2940 689 3013 atheus
717 2940 890 3036 colligere
916 2963 955 3013 se
971 2939 1126 3036 vigilare
1152 2965 1199 3014 ex
1220 2965 1291 3014 me-

249 3052 368 3124 morie
400 3064 577 3125 anteactae
602 3052 713 3125 vitae:
740 3051 806 3125 sed
838 3076 913 3126 non
947 3064 1071 3149 potest
1101 3054 1198 3128 scire
1225 3057 1290 3128 hoc

251 3163 396 3260 signum
422 3165 588 3239 sufficere
611 3175 652 3238 ut
679 3179 804 3238 certus
831 3165 881 3238 sit
904 3188 1041 3238 senon
1070 3190 1207 3259 errare,
1226 3168 1290 3242 uisi

251 3275 342 3350 sciat
359 3301 398 3351 se
414 3303 438 3352 a
454 3278 533 3353 Deo
549 3303 626 3352 non
642 3278 792 3352 fallente
809 3301 888 3352 esse
905 3288 1082 3353 creatum.
