2656 5136
173 661 247 727 ’108
486 676 572 731 nux
591 673 912 729 msrnnnrsmcs.

0 863 158 906 movea-
172 839 295 934 posita
311 864 356 914 ex
379 851 394 915 l
416 843 465 918 ad
482 852 506 918 3
524 854 563 919 et
585 854 600 918 l
621 844 671 918 ad
687 853 711 917 6
730 853 786 917 est
799 842 894 916 ratio
916 848 931 914 l
953 838 1004 913 ad
1024 846 1084 914 ts.
1125 838 1211 915 Nan

11 945 60 985 ⁸¹*
75 946 107 985 ¹¹·
171 953 267 1026 ratio
303 979 386 1050 quae
419 956 463 1030 fit
498 981 522 1031 a
556 956 698 1032 duabus
731 954 938 1030 rationibus
968 952 1054 1048 (per
1087 950 1160 1027 dei.
1180 961 1210 1042 ⁵,

171 1065 288 1139 Elem.
308 1067 347 1157 v)
375 1080 431 1141 est
460 1068 557 1143 ratio
583 1069 674 1143 facti
703 1091 750 1142 ex
776 1064 1086 1140 antecedentibus
1113 1064 1153 1139 in
1177 1088 1210 1139 se

171 1178 436 1276 multiplicatis.
488 1182 618 1278 ltaque
635 1205 720 1254 cum
746 1177 1010 1254 antecedentes
1031 1186 1046 1252 1
1064 1178 1105 1251 in
1126 1187 1138 1251 1
1164 1178 1210 1253 fn

165 1292 274 1364 ciant
296 1301 326 1379 l,
345 1307 383 1367 et
400 1306 665 1391 consequentes
683 1304 706 1368 3
724 1294 763 1367 in
780 1301 805 1367 6
822 1293 964 1367 faciant
987 1300 1045 1382 18,
1072 1316 1210 1390 compo

171 1404 353 1477 situratio
372 1429 417 1479 ex
440 1416 453 1480 l
475 1406 621 1481 ad3et
643 1405 966 1481 lad6eritrntio
990 1413 1004 1478 l
1027 1403 1077 1478 nd
1099 1413 1154 1480 18.

223 1518 348 1592 Quare
374 1518 582 1593 doctrinam
599 1520 696 1593 hanc
713 1542 899 1617 quoqnen
921 1517 1088 1592 scientiis
1104 1518 1210 1593 omni·

168 1629 240 1703 bus
257 1630 500 1727 ablegandum
518 1656 596 1707 esse
622 1651 768 1707 censeo.
819 1629 915 1722 Quia
937 1630 1039 1704 enim
1067 1631 1211 1707 scientis

169 1744 432 1818 mathematica
458 1743 641 1842 dependet
666 1757 746 1819 tota
769 1769 794 1819 a
817 1744 1033 1841 cognitione
1053 1745 1209 1835 rationis,

170 1856 394 1953 impossibile
427 1869 484 1931 est
515 1869 559 1932 ut
593 1858 876 1931 mathematicus
908 1856 992 1930 fieri
1027 1857 1210 1955 qnisquam

170 1971 298 2066 possit,
326 1972 389 2068 qui
422 1995 499 2045 non
532 1971 708 2067 intelligit
737 1982 908 2045 naturam
935 1970 1105 2045 rationis.
1158 1971 1209 2046 Ad

170 2083 406 2156 evertendam
435 2083 677 2180 geometriam
708 2107 804 2157 unus
834 2083 895 2156 hic
924 2082 1086 2157 Wallisii
1117 2106 1210 2159 error

170 2197 315 2283 sufficit,
334 2197 364 2270 si
381 2194 629 2293 professorum
645 2194 878 2293 publicorum
895 2195 1125 2272 authoritate
1139 2218 1209 2271 sns-

161 2309 346 2382 tineatur.

495 2530 816 2585 CONTROVERSIA
832 2531 897 2582 111.

219 2659 280 2732 Dc
296 2661 441 2734 ratione
462 2661 679 2760 rectanguli
694 2661 748 2735 ad
766 2658 1004 2756 parabolam,
1024 2661 1082 2735 ud
1098 2682 1208 2759 pare

162 2771 354 2845 ›boloeides
371 2772 539 2862 solidum,
555 2775 608 2847 ud
620 2772 876 2872 parabolicam
893 2771 1110 2859 cubicalenu
1121 2771 1209 2847 etad

161 2884 433 2984 nliasfigurus
451 2887 529 2985 ipsi
547 2888 765 2986 inscriptus.

221 2998 331 3073 Quod
348 2999 572 3095 triangulum
585 2999 791 3095 rectangnli
809 2995 965 3070 eandem
980 2998 1151 3072 habentis
1165 2997 1206 3071 at

168 3111 364 3185 titudinem
382 3125 419 3186 et
441 3114 566 3186 basem
590 3113 781 3186 dimidium
805 3112 863 3202 sit,
892 3113 1067 3185 omnibns
1091 3125 1205 3186 notun

169 3238 236 3299 est.
288 3225 400 3300 Quod
425 3226 600 3322 parabola
628 3222 834 3322 reetangnli
864 3224 1022 3298 eandem
1054 3226 1204 3300 altitudi-

168 3362 252 3411 nem
271 3350 309 3412 et
324 3340 449 3411 basem
475 3339 644 3412 habentis
670 3341 716 3411 sit
734 3338 766 3422 i,
786 3337 1082 3412 demonstratum
1100 3352 1153 3414 est
1167 3337 1203 3411 ab

168 3451 402 3539 Archimede,
420 3463 557 3548 etpost
574 3452 676 3525 illum
695 3453 741 3524 ab
760 3452 852 3524 aliis.

220 3564 293 3638 Sed
310 3566 438 3660 figurae
453 3577 538 3639 sunt
551 3564 631 3638 aliae
645 3564 770 3637 multae
784 3564 963 3637 habentes
982 3565 1137 3639 eandem
1154 3565 1201 3637 bs·

167 3701 245 3750 sem
263 3690 299 3751 et
315 3678 550 3751 altitudinem
568 3702 651 3751 eum
667 3677 895 3774 rectanguIO,
916 3675 1113 3775 descriptae
1128 3698 1200 3750 vero

165 3789 224 3862 vel
241 3791 287 3863 ab
300 3790 496 3864 altitudine
509 3790 568 3863 vel
586 3815 608 3864 a
624 3792 712 3864 base
730 3790 934 3863 seeundum
948 3804 1092 3865 certam
1105 3791 1200 3865 ratio

166 3926 252 3975 nem
269 3915 447 3999 perpetuo
465 3903 721 3977 decrescente:
748 3926 904 3999 quarum
922 3905 1036 3976 etiam
1054 3905 1199 3977 rationes

165 4016 214 4090 ad
231 4017 500 4112 rectangulum,
518 4028 556 4090 et
571 4028 752 4113 praeterea
769 4027 897 4089 centra
914 4017 1121 4110 gravitatis,
1149 4014 1198 4088 de

163 4128 377 4204 terminavit
391 4129 601 4204 Hobbesins
615 4129 653 4202 in
666 4128 761 4202 libro
774 4151 826 4201 nn
842 4149 1051 4217 consors,
1063 4154 1141 4226 cap.
1155 4130 1199 4212 17,

162 4256 274 4339 atque
292 4243 404 4316 etiam
422 4245 461 4317 in
478 4244 622 4317 tabulas
640 4241 837 4338 congessit.

211 4354 400 4429 Wallisius
417 4369 543 4430 antem
560 4355 662 4429 edito
686 4367 773 4428 ante
791 4376 907 4427 annos
933 4355 1146 4429 octodecem
1166 4350 1198 4425 li-

161 4470 259 4544 bello
273 4493 383 4568 quem
401 4468 604 4543 Elenclrum
626 4467 846 4540 Geometriae
863 4466 1080 4541 Hobbianoe
1094 4464 1198 4565 appel·

162 4583 263 4675 lavit,
283 4585 495 4659 confutasse
513 4607 551 4657 se
568 4584 647 4659 haec
664 4581 789 4655 omnia
803 4580 985 4676 gloriatus
1005 4593 1072 4658 est.
