2656 5136
259 643 329 710 126
567 660 652 714 nux
673 660 995 715 uaruauarrca

41 846 241 890 comaovea·
255 823 485 921 diagonalem
519 824 601 901 DO.
652 826 727 902 Sed
760 828 833 902 hoe
865 827 1001 903 falsum
1034 838 1118 903 est:
1152 850 1238 903 nam
1257 841 1289 905 et

68 928 211 1035 Q
253 938 348 1010 bene
365 937 456 1012 illud
472 951 560 1013 ante
574 939 903 1030 demonstraverat,
913 957 954 1015 et
969 964 1041 1038 ego
1056 964 1187 1017 rursus
1201 942 1289 1019 idem

253 1051 292 1124 in
312 1050 576 1127 Controversia
591 1066 774 1150 praesente
791 1053 1053 1129 demonstravi.

305 1164 446 1239 Contra
460 1166 523 1238 xiv
540 1167 670 1263 objicit
685 1169 822 1241 iterum
841 1168 1001 1265 ineptias
1016 1192 1105 1241 suas
1121 1168 1290 1259 radicum,

253 1288 291 1352 et
314 1290 426 1376 negat
445 1291 660 1375 tangentem
686 1281 867 1376 maslaum
887 1288 936 1354 30
954 1279 1107 1376 duplam
1124 1304 1207 1355 esse
1222 1282 1288 1357 00.

253 1391 422 1465 Quorum
439 1393 540 1489 prius
552 1393 779 1490 prohibitum
792 1405 849 1467 est
865 1392 915 1466 ad
930 1391 1232 1468 Controversiam
1242 1395 1291 1467 iv:

251 1505 466 1601 posterioris
494 1506 722 1580 contrarium
748 1506 787 1579 in
812 1516 996 1603 praesente
1033 1505 1291 1581 Controversia

252 1616 593 1693 demonstravimus.
638 1620 829 1693 Hactenus
848 1619 978 1692 Roseti
994 1619 1091 1693 bene
1108 1642 1150 1693 se
1165 1620 1292 1695 habent

252 1731 387 1805 omnia.

577 1939 904 1993 couruovuasm
921 1940 966 1993 X.

302 2080 364 2153 De
373 2081 581 2180 prudentia
594 2082 649 2156 ad
660 2082 823 2157 studium
836 2082 1048 2182 geometria
1069 2085 1291 2161 necessaria

253 2214 452 2270 rosunum
470 2219 530 2285 xv,
547 2195 621 2269 xvi.

302 2306 522 2395 Hobbesius,
539 2332 586 2380 ex
601 2307 765 2381 Euclidis
781 2306 898 2380 Elem.
911 2330 946 2378 v.
966 2306 1039 2380 del.
1055 2316 1093 2397 5,
1105 2310 1290 2399 rationein,

249 2419 381 2516 inquit,
399 2420 537 2494 dudem
553 2421 651 2494 iuter
667 2445 708 2493 se
731 2421 915 2509 dictentur,
933 2444 1017 2519 quce
1027 2434 1196 2520 possunt
1211 2424 1292 2498 mal·

248 2532 438 2632 tiptieatce
454 2544 839 2632 semutuosuperare.
880 2533 971 2607 lude
984 2534 1290 2611 insertexeodem

249 2645 414 2733 Euclide,
433 2646 529 2719 inter
546 2645 682 2718 tineam
699 2656 737 2718 et
753 2646 984 2743 superficiem
1007 2648 1195 2722 rationem
1217 2674 1290 2723 esse

248 2757 388 2832 maiiluna
402 2787 415 2831 :
433 2758 534 2853 quod
546 2759 774 2832 verissimum
793 2771 860 2847 est,
875 2759 906 2832 si
923 2759 1021 2833 linea
1036 2760 1086 2833 sit
1103 2760 1288 2859 longitudo

247 2872 329 2945 sine
355 2872 562 2946 latitudine.
614 2872 862 2969 Multiplicata
890 2874 989 2945 enim
1024 2873 1221 2971 longitudo
1248 2900 1288 2950 ne

246 2985 435 3059 minimam
464 2986 614 3084 quidem
639 2986 870 3082 superficiem
898 3010 1063 3083 unquam
1093 2991 1285 3087 superabit

247 3097 303 3170 Ex
321 3123 394 3195 quo
413 3098 588 3196 sequitur,
606 3122 628 3172 a
644 3098 742 3171 linea
758 3098 806 3171 ad
823 3099 1066 3194 superficiem,
1096 3112 1137 3175 et
1154 3116 1286 3189 contra,

245 3226 505 3309 argumentum
520 3234 629 3285 omne
646 3235 725 3284 esse
742 3210 952 3284 invalidum.
994 3212 1130 3310 Neque
1148 3215 1189 3290 id
1204 3227 1285 3314 puto

245 3341 469 3423 negaturum
494 3349 575 3399 esse
592 3324 808 3397 Wallisium.
861 3324 1015 3413 Deinde,
1033 3348 1082 3399 ne
1107 3328 1285 3403 videretur

245 3453 470 3537 anteponere
499 3438 791 3512 mensurationes
817 3438 1117 3515 mechanicorum
1142 3443 1283 3517 demon·

244 3555 485 3628 stratiouibus
519 3552 875 3641 mathematicorum,
907 3553 1126 3651 subjungit:
1168 3556 1282 3655 Neque

243 3662 322 3740 hec
346 3668 440 3757 dieo,
458 3666 561 3766 quod
579 3665 810 3738 mechanicas
832 3665 1071 3762 operationes
1089 3691 1171 3766 pro
1197 3669 1279 3768 legi·

245 3780 346 3852 timia
374 3776 744 3853 demonstrationibus
771 3777 958 3850 admissus
992 3776 1132 3853 uelim:
1158 3781 1229 3854 sed
1250 3781 1279 3854 is

244 3893 343 3965 amni
360 3893 556 3989 questione
571 3891 798 3990 geometrica
823 3890 936 3963 multo
960 3892 1193 3988 prendentius
1210 3917 1279 3968 esre

242 4005 427 4096 existimo,
463 4015 551 4078 ante
578 4004 789 4077 mechanica
819 4005 1075 4095 mensurando,
1104 4009 1277 4107 magrite

239 4119 363 4192 dinem
396 4119 597 4216 quesitam,
632 4127 803 4216 quantum
830 4117 927 4211 fieri
957 4127 1102 4216 potest,
1137 4117 1278 4195 veritati

231 4232 450 4331 proximam
483 4231 641 4327 assequi,
677 4238 715 4302 et
749 4229 882 4303 deiude
914 4254 1067 4303 eausam
1098 4233 1277 4331 inquirere

231 4345 657 4445 propinquitatisque
683 4343 830 4416 inuenta
857 4342 1055 4416 ueritatem
1082 4356 1151 4418 aut
1163 4345 1276 4443 salsi-

237 4470 353 4533 tatem
370 4461 538 4559 deteget,
552 4484 660 4555 quam
674 4468 810 4531 temere
828 4458 980 4530 eredens
993 4457 1148 4533 incerte
1157 4460 1275 4560 logice

236 4573 298 4646 oet
313 4573 502 4673 logistica
526 4597 603 4647 sue
624 4571 686 4648 rel
713 4571 932 4646 auctoritati
949 4570 1123 4664 aliorum,
1141 4600 1188 4649 ea
1203 4597 1274 4673 que
