2656 5136
1213 1437 1275 1468 ΡΒΟΡ.

132 1498 318 1560 Desectione
331 1502 416 1561 lineae
428 1511 516 1562 recta
529 1511 662 1565 extrema
675 1511 706 1563 et
719 1503 815 1563 media
828 1502 950 1562 ratione.
1101 1542 1109 1558 .
1192 1515 1275 1555 1-11.

130 1595 179 1661 De
192 1598 347 1675 polygonis
357 1602 542 1677 regularibus
682 1645 690 1660 .
812 1645 820 1661 .
941 1643 950 1660 .
1101 1639 1109 1655 .
1232 1612 1276 1652 111.

132 1693 180 1753 De
194 1696 308 1755 ratione
322 1699 406 1756 curvi
420 1699 457 1758 ad
478 1719 603 1759 curvum
620 1699 653 1759 in
673 1700 851 1760 circulorum
864 1694 1109 1759 circumferentiis
1236 1711 1275 1750 iv.

133 1789 179 1849 De
193 1794 396 1869 magnitudine
410 1815 494 1855 arcus
508 1797 611 1857 circuli
679 1841 688 1856 .
723 1790 726 1794 ’
810 1839 820 1856 .
941 1837 949 1854 .
1100 1834 1107 1849 ·
1149 1807 1276 1848 v-V111·

132 1887 179 1947 De
193 1889 337 1949 divisione
348 1895 448 1969 anguli
462 1895 523 1954 dati
677 1939 687 1955 .
808 1937 817 1954 .
939 1936 948 1953 .
1103 1933 1110 1948 ·
1235 1905 1275 1945 1¹·

132 1983 179 2044 De
193 1986 324 2059 sinubus,
339 1992 537 2065 subtensiain
551 1993 714 2071 quadrante
726 1992 827 2052 eircul'
938 2033 947 2050 .
1103 2030 1111 2047 ·
1246 2001 1275 2042 Χ·

131 2080 233 2142 Arcus
241 2086 415 2160 quadrantis
423 2092 545 2166 aequalis
553 2101 599 2153 eat
607 2093 824 2153 semidiametro
834 2109 893 2149 una
903 2108 970 2148 cum
978 2095 1118 2164 tangente

255 2192 295 2248 30
309 2195 454 2269 graduum
541 2241 549 2257 .
672 2241 680 2257 .
802 2239 810 2255 .
933 2236 941 2253 .
1104 2234 1111 2250 .
1235 2205 1275 2245 xa

132 2282 304 2361 Rectaque
317 2291 458 2368 trianguli
472 2295 633 2369 aequilateri
647 2296 746 2353 basem
761 2301 840 2353 secat
853 2312 870 2352 a
883 2291 988 2367 quovis
1002 2289 1114 2348 vertice

253 2385 398 2460 bifariam,
411 2393 600 2467 sesquialtera
608 2402 652 2451 est
666 2393 814 2467 tangentis
828 2409 913 2449 arcus
924 2392 963 2446 30
972 2388 1118 2464 graduum

131 2477 309 2541 Differentia
330 2487 408 2546 inter
425 2489 519 2565 majus
541 2501 571 2549 et
593 2492 689 2548 minus
706 2498 888 2565 segmentum
905 2495 993 2545 rectae
1016 2485 1118 2541 divisae

253 2590 387 2643 extrema
401 2596 431 2644 et
444 2589 541 2646 media
554 2589 676 2658 ratione,
691 2588 781 2663 dupla
794 2596 838 2645 est
852 2584 1025 2643 differentiae
1040 2584 1118 2640 inter

253 2682 375 2740 eandem
389 2695 500 2744 rectam
514 2697 544 2745 et
557 2707 622 2746 eam
636 2705 702 2762 quae
716 2686 848 2762 potentia
861 2694 906 2744 est
920 2685 957 2742 ad
976 2684 1070 2758 ipsam
1084 2690 1118 2738 ut

252 2775 356 2835 5ad4

131 2859 165 2920 si
187 2883 289 2926 secans
312 2891 398 2935 arcus
413 2879 452 2935 30
465 2880 611 2954 graduum
633 2888 748 2939 secetur
764 2887 898 2938 extrema
911 2888 941 2936 et
962 2876 1057 2933 media
1070 2893 1117 2931 ra·

249 2965 339 3037 50⁰³,
361 2975 460 3051 majus
480 2985 664 3054 segmentum
684 2977 742 3035 erit
764 2975 875 3051 aequale
899 2971 1118 3049 semidiagonali

248 3067 386 3137 quadrati
401 3093 420 3132 a
434 3075 650 3134 semidiametro
775 3117 782 3132 .
904 3114 912 3130 .
1112 3111 1118 3125 .
1216 3083 1276 3123 xlv.

126 3152 278 3233 Digressio
297 3167 334 3225 de
353 3170 504 3231 discordia
520 3175 599 3231 inter
615 3173 761 3233 calculum
781 3173 934 3240 linearum,
952 3168 1120 3245 superficie-

246 3279 320 3334 r11111,
332 3273 363 3322 et
372 3287 576 3341 numerorum,
584 3270 616 3328 in
627 3269 925 3329 demonstrationibus
935 3264 1120 3343 geometricis
1134 3277 1278 3319 xv—xva

124 3344 218 3412 Latus
237 3356 383 3423 icosaedri
404 3369 521 3441 aequale
542 3377 588 3426 est
608 3367 705 3428 tertiae
723 3367 801 3444 parti
823 3364 998 3424 semicirculi
1019 3362 1051 3419 in
1070 3380 1123 3418 sua

244 3457 360 3531 sphaera
374 3464 502 3523 maximi
652 3508 660 3523 .
784 3505 792 3522 .
916 3505 924 3520 .
1111 3499 1119 3514 .
1208 3472 1280 3512 xvu.

122 3543 169 3604 De
182 3551 326 3623 quadrato
341 3574 420 3618 areae
434 3561 610 3634 quadrantis
624 3560 731 3636 aequali
783 3602 791 3618 .
915 3601 922 3616 .
1111 3597 1118 3612 .
1196 3568 1280 3610 xvru.

122 3636 207 3701 Inter
219 3658 330 3707 rectam
346 3653 449 3715 datam
460 3666 492 3714 et
505 3659 601 3735 ipsius
612 3658 765 3716 dimidiam
779 3657 914 3713 invenire
928 3655 1000 3712 duas
1014 3651 1124 3710 medias

241 3752 483 3822 proportionales
649 3798 657 3813 .
782 3795 790 3811 .
913 3794 920 3810 .
1112 3790 1119 3805 .
1221 3763 1281 3803 xix.

120 3834 167 3896 De
177 3848 279 3900 centro
293 3848 457 3920 gravitatis
471 3851 649 3924 quadrantis
664 3850 770 3910 circuli
919 3892 927 3908 .
1117 3889 1124 3904 ·
1233 3860 1281 3900 xx·

120 3929 167 3993 De
180 3946 282 3996 centro
295 3944 461 4016 gravitatis
483 3946 597 4018 bilinei,
613 3949 701 4025 cujus
715 3968 777 4008 una
790 3947 869 4009 linea
887 3958 931 4006 est
951 3965 1036 4005 arcus
1054 3963 1129 4021 qua·

240 4035 365 4111 dmutiflr
382 4044 480 4102 altera
493 4055 542 4106 est
555 4042 582 4121 ej
588 4048 691 4106 usdem
705 4064 793 4108 arcus
808 4047 947 4105 subtensu
1116 4058 1134 4100 .·
1224 4055 1283 4096 xxl·
