2656 5136
105 635 178 703 290
515 647 741 702 amaruan.

107 815 262 913 angulos
287 825 460 910 aoourate
480 817 665 913 aequales:
690 814 908 912 respondeo,
932 836 1063 887 verum
1083 813 1162 888 hoc

107 942 164 1003 est
182 929 228 1002 de
245 929 321 1025 pila
338 941 375 1002 et
393 929 575 1026 ejusmodi
592 929 823 1026 corporibus,
840 940 1037 1024 propterea
1055 927 1162 1023 quod

106 1066 181 1116 non
211 1043 323 1115 modo
350 1043 526 1116 velocitas
553 1043 592 1116 in
618 1042 664 1116 iis
686 1042 865 1116 continuo
891 1041 1072 1114 minuitur
1096 1043 1162 1115 vel

106 1169 265 1252 augetur
281 1180 305 1228 a
319 1157 515 1252 gravitate,
526 1156 593 1230 sed
610 1157 724 1231 etiam
737 1179 893 1252 corpora
909 1155 949 1227 in
966 1179 1050 1252 quae
1063 1156 1163 1230 inei-

108 1269 202 1342 dunt
218 1294 294 1343 non
307 1269 471 1366 perfecte
483 1282 725 1368 compensant
737 1271 923 1365 jacturam
941 1269 1041 1342 illam
1055 1269 1162 1342 velo-

108 1384 250 1457 citatis:
277 1383 433 1480 ideoque
459 1395 641 1480 qnatenus
663 1383 811 1456 loeutus
835 1407 916 1456 sum
940 1382 986 1454 de
1010 1382 1098 1478 pila,
1119 1383 1161 1456 in

108 1495 317 1592 exemplum
334 1496 543 1571 reflexionis
561 1496 721 1585 luminis,
740 1496 993 1592 supponebam
1011 1509 1162 1568 motum

108 1611 188 1707 ejus
213 1632 332 1705 neque
359 1609 475 1683 minui
498 1609 633 1699 eundo,
650 1621 688 1682 et
709 1609 872 1706 perfecte
890 1610 1036 1682 restitui
1055 1609 1164 1704 quod

107 1722 320 1820 perdiderat
337 1724 377 1796 in
394 1746 551 1797 occursu
568 1723 733 1821 corporis
754 1722 973 1796 resistentis.
1026 1722 1103 1796 Sed
1120 1723 1165 1796 in

108 1837 258 1924 lumine,
277 1837 382 1931 eujus
407 1849 531 1911 motus
553 1859 673 1934 neque
690 1860 714 1909 a
729 1836 915 1932 gravitate
932 1857 1051 1932 neque
1069 1835 1166 1909 levi·

109 1961 187 2023 tate
212 1949 422 2039 divertitur,
439 1962 477 2024 et
500 1950 607 2046 cujus
629 1950 786 2024 materia
812 1949 986 2023 facillime
1010 1949 1165 2023 mobilis

110 2073 179 2152 est,
193 2062 351 2159 ideoque
368 2075 492 2137 motus
506 2063 586 2159 ejus
601 2062 748 2136 restitui
761 2087 785 2135 a
797 2063 993 2136 resistente
1010 2062 1165 2158 integre

108 2188 251 2273 potest:
277 2177 500 2272 angulorum
523 2176 715 2273 aequalitas
742 2190 844 2251 reate
871 2200 895 2250 a
919 2176 985 2250 tali
1008 2177 1167 2250 restitu-

110 2289 212 2363 tione
230 2289 362 2363 salvari
381 2302 517 2387 potest.

161 2403 410 2499 septimanis,
428 2400 550 2474 dicere
568 2401 672 2474 illum
692 2424 886 2497 perperam
904 2424 927 2473 a
944 2425 1003 2473 me
1020 2400 1167 2475 adduci

109 2515 217 2589 istam
240 2527 350 2589 terrae
373 2515 564 2587 mollitiem
591 2514 639 2586 ad
666 2515 914 2609 aequalitatem
936 2515 1166 2609 angulorum

110 2629 452 2702 demonstrandam:
471 2628 675 2724 praesertim
694 2652 777 2700 eum
796 2629 843 2701 ab
862 2652 906 2700 ea
923 2642 1114 2722 sequatur,
1130 2630 1164 2701 si

110 2755 212 2815 terra
229 2757 267 2814 et
284 2741 359 2836 pila
374 2752 449 2814 tam
469 2740 572 2813 durae
590 2753 713 2812 essent
732 2754 776 2812 ut
801 2741 903 2813 nullo
921 2741 1031 2813 modo
1050 2741 1166 2814 cede-

110 2867 206 2943 rent,
232 2855 371 2927 nullam
393 2855 473 2927 fore
496 2853 757 2928 reflexionem:
790 2854 891 2951 quod
917 2865 973 2927 est
999 2855 1166 2928 incredi-

109 2967 194 3040 bile.

160 3080 396 3178 Respondeo:
423 3082 594 3177 primum,
614 3104 766 3153 menon
786 3081 970 3153 ascribere
991 3082 1164 3155 reflexio·

110 3217 195 3267 nem
213 3195 382 3268 mollitiei
397 3206 515 3281 terra,
535 3195 631 3267 sieut
654 3217 774 3290 neque
791 3194 877 3266 vitri
895 3218 1014 3290 neque
1033 3195 1165 3291 chaly-

111 3308 194 3381 bis:
220 3310 286 3383 sed
303 3310 397 3383 scire
420 3334 492 3397 me,
520 3309 678 3382 docente
704 3308 944 3403 experientia,
967 3308 1163 3382 fortiorem

109 3446 188 3496 esse
205 3424 441 3495 reflexionem
459 3446 532 3517 quo
550 3422 677 3494 durius
696 3434 752 3492 est
770 3444 903 3515 corpus
921 3421 960 3492 in
973 3420 1073 3517 quod
1091 3423 1164 3493 im-

108 3536 275 3632 pingitur
292 3547 330 3608 et
347 3534 448 3631 quod
465 3535 653 3630 impingit:
683 3534 793 3606 modo
821 3558 897 3606 uon
924 3534 972 3606 sit
1002 3533 1163 3609 durities

110 3673 155 3722 ea
171 3661 257 3722 actu
274 3649 431 3736 infinita,
449 3647 548 3744 quod
565 3659 622 3720 est
640 3646 876 3741 impossibile.
916 3647 1012 3719 Nam
1033 3648 1064 3719 si
1083 3672 1162 3723 non

110 3762 159 3835 sit
176 3785 220 3834 ea
238 3761 391 3833 durities
408 3772 494 3833 actu
518 3759 676 3846 infinita,
695 3759 803 3831 cedet
820 3759 858 3830 vi
874 3759 997 3847 alicui,
1016 3772 1054 3832 et
1071 3785 1164 3855 pro-

110 3873 197 3947 inde
215 3875 339 3962 etiam,
357 3885 399 3946 ut
416 3883 503 3946 ante
520 3886 707 3946 ostensum
725 3886 795 3961 est,
812 3872 1018 3946 levissimae.
1054 3874 1164 3950 Dura

109 3999 245 4075 autem,
263 4010 336 4081 quo
359 3986 476 4081 magis
498 3997 584 4058 snut
607 3984 712 4072 dura,
732 3997 836 4058 tauto
855 3986 972 4081 magis
995 4010 1033 4058 se
1051 3990 1164 4061 resti-

108 4112 233 4187 tuunt,
248 4098 403 4196 ideoque
416 4110 522 4172 tanto
540 4098 733 4172 fortiorem
750 4099 892 4172 faciunt
905 4101 1162 4176 reflexionem.

110 4213 221 4290 Quod
239 4213 271 4286 si
288 4225 513 4308 supponeret
526 4213 608 4309 quis
623 4212 797 4285 duritiem
815 4213 915 4285 illam
929 4227 1016 4285 actu
1033 4214 1163 4288 influi-

109 4341 187 4402 tam
205 4337 242 4401 et
254 4326 515 4422 impossibilem
530 4338 606 4399 tam
625 4326 663 4398 in
681 4327 908 4421 impingente
927 4349 1037 4420 quam
1056 4328 1096 4400 iu
1115 4355 1163 4403 eo

109 4443 148 4516 in
167 4440 266 4538 quod
283 4439 511 4536 impingitur,
527 4463 635 4512 nemo
649 4464 811 4536 unquam
825 4441 1053 4536 experientia
1069 4467 1163 4540 cog-

109 4570 238 4631 noscet
247 4567 374 4629 utrum
389 4553 539 4627 reflexio
550 4555 656 4627 fieret
667 4578 795 4628 necne.
831 4555 887 4626 Sit
906 4555 1004 4626 euim
1023 4555 1164 4631 durum
