2656 5136
245 644 314 711 128
551 657 637 712 LUX
655 658 975 713 normannico.

28 850 228 895 mansores·
241 825 333 898 nihil
349 825 460 913 valet‚
480 848 564 898 oum
585 837 624 899 et
649 825 852 923 propositio
870 824 945 915 illa,
962 834 1001 898 et
1017 823 1277 897 consectarium

58 932 202 1035 Q
241 938 333 1012 illud
356 938 396 1010 in
417 936 712 1033 praecedentibus
735 939 809 1012 sint
834 938 1066 1012 confirmata,
1119 936 1280 1011 Secunda

243 1064 391 1148 sumpta
416 1064 473 1124 est
503 1075 526 1124 a
548 1052 757 1126 radicibus:
783 1062 821 1126 et
847 1064 999 1149 propter
1029 1074 1115 1125 eam
1141 1072 1280 1125 eausam

243 1164 387 1238 tollitur
414 1188 482 1260 per
514 1164 813 1239 Controversiam
837 1166 887 1238 iv.
936 1166 1066 1240 Tertia
1094 1176 1166 1253 est,
1192 1162 1281 1261 quod

243 1276 378 1351 faciam
396 1277 449 1349 Be
466 1277 615 1351 tertiam
635 1290 779 1375 partem
805 1301 914 1352 araus
935 1276 1192 1375 quadrantalis
1212 1278 1281 1367 BD,

246 1415 329 1463 cum
348 1391 398 1463 sit
414 1391 526 1463 tertia
541 1414 628 1488 pars
640 1403 753 1467 reotae
771 1390 837 1465 Bb.
886 1392 1046 1467 Tollitur
1062 1414 1156 1488 ergo
1171 1414 1216 1467 ex
1231 1416 1281 1481 oo,

246 1503 347 1600 quod
372 1503 420 1576 ad
439 1501 738 1578 Controversiam
759 1504 823 1577 viii
849 1515 1041 1579 ostensum
1067 1518 1128 1579 est
1153 1515 1282 1579 rocon

248 1615 302 1690 Bb
332 1628 370 1689 et
396 1640 522 1689 arcum
551 1615 617 1689 BD
647 1640 726 1691 esse
753 1616 924 1713 aquales.
978 1618 1176 1691 Hactenus
1203 1640 1282 1715 ergo

245 1729 379 1802 Roseti
396 1729 519 1803 omnia
536 1729 584 1802 ab
599 1730 788 1805 Hobbesio
814 1740 915 1805 reete
936 1728 1196 1805 demonstrata
1213 1752 1282 1805 esso

242 1841 383 1938 judico.

558 2088 882 2143 couuaovaasu
899 2089 978 2143 xn.

297 2243 359 2316 De
375 2242 612 2340 quadratura
629 2242 776 2317 circuli.
810 2264 961 2319 Rosam
980 2269 1088 2342 prop.
1101 2246 1205 2335 xviii,
1218 2245 1281 2319 xia

298 2407 386 2480 Post
403 2429 509 2479 arcus
535 2406 787 2504 quadrantalis
811 2405 859 2479 ad
876 2406 1021 2480 radium
1035 2408 1167 2483 circuli
1184 2410 1282 2484 ratio

247 2544 334 2592 nem
352 2520 565 2609 exhibitam,
581 2532 618 2594 et
636 2544 658 2593 a
675 2521 944 2616 simplicissimo
958 2520 1226 2618 diagrammate
1241 2524 1283 2595 ito

248 2633 411 2705 breviter
428 2646 466 2705 et
482 2634 675 2730 perspicue
689 2633 977 2707 demonstratam
995 2648 1038 2708 ut
1057 2637 1162 2711 nulla
1177 2636 1281 2710 Eucli-

249 2746 306 2819 dis
322 2747 525 2842 propositio
544 2746 678 2819 elarius
695 2759 734 2820 et
750 2748 908 2835 brevius,
926 2761 968 2820 ut
985 2748 1127 2845 legenti
1145 2749 1282 2823 Contro-

248 2859 410 2932 versiam
438 2861 499 2932 viii
530 2862 735 2957 apparebit,
765 2861 1020 2934 demonstrata
1047 2862 1180 2937 fuerit:
1215 2862 1280 2959 quis

249 2971 419 3045 crederet
439 2995 518 3046 esse
540 2974 700 3071 aliquem
725 2975 788 3071 qui
815 2973 1002 3048 dubitaret
1029 2976 1122 3070 quin
1150 2976 1281 3049 iuventa

249 3085 361 3158 etiam
380 3097 476 3159 esset
487 3086 702 3183 quadrantis
715 3099 754 3159 et
767 3086 938 3183 quadrati
956 3088 1171 3184 aequalitasl
1197 3086 1281 3161 Wal-

248 3198 353 3272 lisius
371 3213 495 3272 tamen
512 3212 637 3296 negat.
680 3199 777 3272 Nam
796 3201 907 3273 semel
926 3213 1078 3298 recepta
1093 3204 1134 3276 in
1151 3222 1280 3299 geone

249 3313 359 3386 triam
385 3313 568 3410 principia
595 3312 716 3386 aliena
734 3313 928 3386 veritatem
955 3317 1195 3411 quantumvis
1221 3314 1280 3388 evi·

249 3425 399 3498 dentem
417 3426 580 3514 turbant,
599 3437 636 3499 et
653 3449 769 3522 opaca
787 3426 912 3500 omnia
926 3427 1081 3502 faciunt.

300 3538 430 3635 Itaque
465 3551 508 3611 ut
537 3550 714 3636 appareat
742 3540 1005 3635 propositionis
1031 3544 1185 3634 veritas,
1211 3564 1281 3640 pur·

248 3651 373 3749 ganda
406 3651 496 3724 mihi
530 3667 588 3725 est
621 3677 645 3726 a
676 3652 768 3724 faece
796 3675 963 3725 errorum
993 3654 1281 3731 inveteratorum.

250 3765 362 3840 Quod
378 3777 422 3838 ut
437 3765 584 3850 faciam,
601 3764 814 3839 renovanda
831 3776 887 3838 est
904 3766 1036 3862 figura.

301 3879 454 3952 Rectam
473 3878 542 3969 Dz,
558 3879 634 3951 sive
651 3904 696 3951 ze
719 3879 798 3976 (fig.
810 3879 891 3973 iii),
906 3880 1086 3975 aequalem
1101 3905 1181 3956 esse
1197 3876 1283 3955 arcui

249 3992 324 4080 CL,
341 3992 380 4065 id
398 4002 467 4080 est,
487 3991 640 4066 dimidio
666 4016 774 4065 arcus
792 3990 869 4081 CA,
887 3991 1185 4069 demonstratum
1209 3992 1283 4068 satis

247 4117 308 4181 est
325 4106 373 4179 ad
393 4105 696 4180 Controversiam
709 4107 784 4179 viii.
820 4107 888 4178 Est
905 4119 1029 4181 autem
1047 4107 1117 4198 De,
1130 4134 1197 4207 per
1213 4131 1285 4183 oon-

247 4220 506 4304 structiouem,
535 4221 686 4316 aequalis
709 4229 823 4293 reotae
847 4218 921 4292 DF.
975 4220 1045 4294 Per
1062 4235 1240 4318 punctum
1253 4220 1285 4307 P,

248 4335 287 4408 in
302 4355 488 4406 concursu
501 4345 613 4406 reetae
628 4334 692 4406 DF
705 4343 743 4404 et
757 4355 864 4405 arcus
878 4331 954 4420 CA,
969 4333 1183 4410 Hobbesius
1199 4332 1287 4410 duait

249 4461 390 4522 rectam
408 4446 482 4520 ΥΟ
497 4446 713 4544 parallelam
729 4446 836 4520 lateri
857 4446 931 4534 BC,
950 4457 988 4519 et
1006 4449 1241 4523 terminatam
1256 4447 1287 4519 in

248 4561 438 4659 diagonali
473 4560 565 4636 DB:
600 4575 639 4635 et
673 4559 759 4633 inde
794 4559 906 4634 infert
937 4560 1166 4658 triangulum
1196 4560 1289 4638 ulo
