2656 5136
248 640 321 706 228
549 651 790 709 catenarus
810 652 1003 708 curicus.

64 838 149 880 mor».
162 840 203 882 vr.
247 819 369 892 minus
396 818 488 893 lucis
516 819 546 891 B
572 819 644 894 erit
668 821 864 894 immersus
887 820 927 894 in
950 817 1116 893 medium
1143 816 1280 891 densum

63 910 205 944 ‘'q“
247 945 387 1028 quanta
414 945 472 1005 est
503 931 681 1007 distantia
708 934 862 1007 minima
887 933 988 1007 inter
1008 944 1153 1006 rectam
1176 930 1237 1004 ΕΙ)
1251 943 1282 1003 et

248 1046 318 1118 sibi
345 1045 559 1142 parallelum
585 1046 689 1136 GFL‚
724 1045 802 1121 sive
835 1046 1046 1144 quantitate
1079 1046 1188 1119 lineae
1211 1043 1282 1129 LM,

248 1171 338 1231 tunc
357 1183 440 1231 cum
459 1159 554 1233 alter
570 1160 750 1234 terminus
773 1172 831 1234 est
855 1160 895 1234 in
921 1159 1117 1257 superficie
1134 1157 1284 1254 ejusdem

249 1272 361 1344 medii
392 1272 506 1345 densi.
563 1274 685 1347 Docta
714 1273 828 1369 igitur
853 1283 956 1347 recta
979 1297 1003 1347 a
1026 1284 1169 1370 puncto
1194 1271 1225 1344 Ε
1246 1270 1285 1343 ad

248 1397 387 1457 rectam
406 1385 480 1472 GL,
506 1385 636 1459 eadem
662 1386 895 1483 longitudine
912 1410 987 1485 qua
1012 1397 1071 1459 est
1092 1385 1194 1458 linea
1207 1383 1286 1456 lucis

248 1499 327 1586 AB,
346 1498 403 1571 vel
422 1498 499 1588 CD,
526 1523 610 1596 quae
638 1500 687 1573 sit
710 1500 782 1588 EF,
806 1501 878 1573 erit
903 1501 983 1597 jam
1003 1499 1066 1572 EF
1082 1498 1184 1572 linea
1206 1497 1286 1571 lucis

243 1623 471 1710 propagata
496 1635 664 1710 eumque.
717 1613 905 1688 Quoniam
926 1624 1054 1687 autem
1070 1612 1192 1685 latera
1207 1609 1287 1683 radii

248 1737 383 1799 exeunt
418 1751 440 1799 a
470 1725 571 1799 linea
598 1725 694 1799 lucis
719 1724 1088 1824 perpendiculariter,
1117 1725 1288 1798 ducantur

247 1837 570 1933 perpendiculares
595 1837 644 1911 ed
667 1839 785 1935 ipsam
802 1838 864 1912 EF
878 1850 993 1911 rectoe
1009 1836 1094 1926 EN,
1122 1837 1198 1924 FO,
1214 1859 1287 1932 pro

247 1952 445 2047 pagabitur
474 1951 538 2026 lux
572 1952 669 2024 inter
697 1951 892 2047 parallelas
921 1950 1003 2036 EN,
1033 1950 1111 2025 FO.
1177 1950 1287 2025 Quare

248 2064 380 2138 EFNO
407 2064 479 2137 erit
504 2062 629 2137 radius
658 2063 852 2154 mireum,
882 2074 920 2137 et
949 2062 1061 2138 cadet
1093 2061 1286 2136 necomario

215 2181 218 2187 ’
249 2177 345 2250 latus
366 2177 436 2251 EN
462 2177 561 2251 inter
576 2176 626 2250 EI
644 2189 683 2251 et
698 2176 1045 2275 perpendicularem
1064 2175 1116 2251 ad
1136 2176 1286 2273 planum,

248 2314 331 2387 quae
356 2302 412 2363 est
432 2290 511 2376 ΕΚ,
542 2300 580 2363 et
606 2288 704 2361 latus
728 2290 790 2364 FO
813 2290 912 2363 inter
935 2289 1003 2363 BD
1023 2288 1241 2385 productam
1254 2297 1286 2358 et

247 2401 590 2500 perpendicularem
617 2401 665 2474 ad
691 2401 791 2474 idem
820 2402 971 2498 planum
999 2402 1070 2474 sibi
1102 2400 1284 2475 contermi-

247 2542 345 2591 nam.
396 2518 480 2590 Jam
509 2517 539 2589 si
561 2540 628 2612 pro
654 2516 850 2590 latitudine
867 2517 934 2590 AB
956 2541 1147 2590 sumamus
1174 2516 1283 2589 latitu-

249 2630 372 2704 dinem
391 2629 486 2703 radii
504 2631 683 2703 minorem
702 2631 830 2726 quavis
848 2630 1107 2727 magnitudine
1125 2631 1222 2718 data,
1234 2627 1283 2699 de

248 2744 468 2816 monstratio
493 2743 574 2816 haec
592 2741 722 2815 eadem
740 2744 901 2816 existens
927 2743 1177 2839 applicabitur
1190 2743 1281 2815 lineae

248 2857 329 2945 EN,
347 2869 390 2929 ut
407 2857 476 2929 EN
494 2857 541 2928 sit
559 2857 636 2952 ipse
655 2855 779 2929 radius
800 2857 980 2930 refractus
996 2881 1126 2930 versus
1142 2879 1280 2954 perpen-

249 2969 450 3042 dicularem
468 2970 547 3042 EK.
600 2969 725 3042 Quare
755 2970 879 3043 radius
905 2994 925 3042 e
952 2970 1076 3043 medio
1102 2995 1199 3061 raro,
1223 2981 1278 3042 etc.

250 3084 363 3158 Quod
380 3094 460 3156 erat
478 3081 718 3178 probandum.

602 3307 851 3358 PROPOSITIO
869 3308 945 3359 vll.

247 3412 393 3486 Radius
410 3438 431 3484 e
448 3411 569 3483 medio
590 3411 704 3483 denso
733 3409 899 3484 incidens
922 3408 1071 3509 oblique
1087 3411 1127 3484 in
1143 3409 1275 3483 suediam

298 3526 437 3616 rarius,
457 3526 563 3620 cujus
586 3524 805 3622 superficies
829 3535 888 3597 est
911 3523 1050 3622 plana,
1068 3523 1275 3623 refringitur

298 3641 337 3712 in
351 3648 486 3737 parter
504 3661 659 3711 auersas
676 3663 701 3710 a
711 3637 995 3736 perpendiculo.

300 3778 356 3850 Sit
371 3777 436 3850 ΕΙ)
454 3777 493 3848 iu
518 3777 711 3871 superficie
737 3775 849 3870 plana
876 3775 988 3849 medii
1005 3776 1167 3866 rarioris,
1184 3775 1232 3847 ita
1245 3780 1275 3842 ut

248 3890 348 3987 quod
366 3902 421 3962 est
439 3914 551 3986 supra
567 3890 633 3962 ΕΙ)
652 3889 701 3962 sit
719 3888 882 3961 medium
900 3888 1062 3978 densius,
1081 3888 1181 3986 quod
1198 3885 1276 3960 inira

247 4005 377 4076 rarius.
433 4004 563 4097 Sitque
591 4002 629 4074 in
660 4001 782 4074 medio
811 4001 925 4075 denso
951 4002 1050 4075 linea
1075 4002 1180 4090 lucis,
1204 4008 1276 4096 puta

247 4117 333 4190 solis
361 4116 593 4204 diametrum,
622 4115 710 4188 AB:
744 4139 765 4186 a
796 4138 869 4210 qua
898 4125 1007 4187 exeat
1036 4114 1163 4188 radius
1191 4113 1276 4206 cujus

245 4231 363 4304 latera
381 4231 458 4316 ΑΕ,
478 4230 543 4302 BD
572 4229 645 4300 sint
672 4228 720 4300 ad
741 4227 807 4299 AB
831 4226 1165 4323 perpendicularis,
1182 4238 1218 4299 et
1240 4218 1276 4295 ad

245 4343 396 4440 planum
414 4343 480 4415 ΕΙ)
499 4341 658 4436 obliqua.
711 4341 919 4436 Propagato
937 4339 1052 4434 igitur
1069 4340 1185 4414 altero
1201 4336 1275 4411 lucis

246 4458 405 4530 termino
423 4455 470 4527 ad
487 4454 637 4549 planum
656 4454 722 4525 ΕΙ)
736 4453 774 4526 in
787 4463 926 4548 puncto
945 4452 991 4541 D,
1005 4452 1100 4526 alter
1116 4451 1274 4526 terminus

244 4593 321 4642 non
348 4567 612 4665 propagabitur
640 4566 748 4639 simul
778 4566 995 4663 adplenum
1022 4566 1062 4643 in
1086 4561 1274 4663 punctuli
