2656 5136
413 654 747 711 nccnnsmsmca
1031 633 1105 714 387

65 825 119 893 Sic
134 823 230 890 etiam
245 821 391 889 subtilior
405 832 455 888 est
470 819 656 887 Idololatria

108 923 214 1006 Quam
229 922 309 999 dico,
325 945 422 1007 quam
437 943 509 1006 quae
523 918 695 984 materialis
710 927 788 983 erat.
1024 922 1106 982 1420

65 1029 129 1089 Sco.
154 1022 235 1088 Hac
248 1021 448 1108 aenigmatice
463 1019 609 1105 quamvis
622 1040 766 1083 nauasse
780 1017 906 1095 videris,

108 1123 267 1187 Attamen
281 1132 320 1187 ut
334 1120 455 1206 capiam
470 1142 535 1185 non
550 1141 631 1204 opus
646 1117 810 1203 (Edipode
824 1129 882 1183 cst

66 1219 217 1304 Namque
233 1242 320 1284 mera
333 1219 470 1284 indoctae
489 1218 658 1283 coluerunt
672 1217 795 1282 somma
809 1215 942 1294 Gentes,

110 1320 202 1384 Picta
216 1319 395 1384 sacerdotes
410 1340 475 1401 quo
490 1317 620 1383 volucre
634 1315 738 1381 modo.

66 1419 271 1484 Nocturnum
287 1417 441 1503 populum
455 1438 549 1481 nemo
563 1438 628 1481 non
644 1414 785 1480 viderat:
810 1415 895 1481 unde

111 1519 282 1582 Advenerc
300 1527 415 1591 mmen,
431 1515 556 1580 nescius
570 1514 673 1579 omnis
689 1523 767 1580 erat.

66 1620 126 1682 Pr.
152 1617 241 1680 Hinc
256 1626 360 1680 metus
375 1614 488 1699 ignoti,
504 1613 713 1698 doctrinaque
732 1612 982 1690 Daemoniorum,

112 1714 248 1780 Subdita
262 1713 420 1798 corruptis
434 1711 691 1799 philosophiaque
707 1710 812 1776 Fides

67 1814 288 1898 Respexitque
304 1812 402 1878 Fides
416 1834 457 1877 ex
471 1812 526 1877 illo
541 1820 684 1897 tempore
699 1810 835 1877 Patrum

112 1912 283 1999 Dogmata,
298 1934 362 1977 non
380 1911 468 1978 Sacri
484 1934 557 1995 quae
571 1911 707 1977 docuere
721 1911 823 1976 Libri.
1030 1915 1113 1976 1430

71 2010 125 2078 Sic
141 2011 276 2096 populus
291 2011 434 2096 trepidus
449 2010 608 2096 pendebat
622 2013 662 2076 ab
677 2032 732 2076 ore
747 2011 910 2097 magistri:

115 2110 290 2196 Coeperunt
305 2134 416 2197 regum
427 2113 517 2196 jussa
529 2111 633 2176 valere
648 2133 771 2197 parurn.

72 2212 153 2277 Gara
167 2211 261 2275 nimis
277 2211 369 2296 pauci
385 2213 553 2276 versabant
567 2210 691 2276 Biblia:
715 2209 857 2292 nondum

116 2311 208 2376 Artis
223 2321 291 2376 erat
306 2310 403 2376 libros
419 2310 632 2396 multiplicare
646 2310 743 2397 typis.

72 2408 178 2492 Inque
195 2411 329 2474 Petrum
344 2409 490 2474 manibus
505 2431 649 2476 mansere
664 2408 803 2475 Oracula
818 2405 945 2484 Sancta,

117 2508 264 2589 Quorum
280 2509 448 2595 praeceptis
463 2519 541 2574 tunc
555 2508 694 2574 didicere
708 2507 806 2593 loqui.

73 2607 202 2672 Deinde
217 2607 304 2692 quod
317 2606 352 2670 in
367 2607 495 2693 templis
510 2609 665 2673 curabant
679 2604 918 2672 commemorari

117 2706 296 2771 Doctorum
311 2706 459 2790 quaedam
474 2707 603 2772 nomina
617 2706 718 2772 amica
732 2706 803 2782 sibi,

74 2805 276 2889 Expediebat
291 2804 345 2869 eis.
392 2804 473 2890 Spes
488 2816 647 2872 ostentata
661 2805 824 2892 triumphi,

119 2902 247 2966 Militiae
263 2913 312 2967 cst
327 2925 450 2987 semper
464 2905 603 2969 maxima
616 2928 712 2971 causa
724 2907 827 2971 bonae.
1038 2904 1120 2963 1440

77 3006 141 3064 Sec.
167 3000 231 3066 Sed
247 3001 349 3084 quid?
372 3000 430 3064 An
441 3001 475 3065 in
485 3003 621 3089 templis,
634 3014 668 3069 et
682 3004 760 3069 dum
769 3003 971 3069 celebrantur
984 2999 1119 3064 honores

120 3098 242 3176 Divini,
259 3100 307 3164 sas
322 3110 371 3164 est
385 3101 605 3168 concelebrare
620 3101 790 3179 hominem,

78 3199 184 3281 Quem
200 3198 271 3283 pius
286 3198 412 3283 ignoras
427 3200 526 3265 sitan
541 3200 657 3286 impius
671 3201 800 3288 ignibus
814 3200 891 3266 atris

122 3296 254 3374 Subtus,
270 3320 310 3361 an
324 3297 358 3361 in
374 3297 445 3362 coeli
459 3299 531 3364 luce
546 3301 658 3365 beatus
678 3301 778 3386 agat?

76 3397 220 3483 Regibus
236 3397 352 3462 infesto
367 3396 508 3483 signabis
522 3399 650 3465 nomine
665 3398 789 3465 fastos?

120 3496 288 3562 Becchetti
303 3496 402 3562 stabit
416 3496 520 3563 fatum
534 3499 569 3563 in
583 3498 819 3585 Ephomeride?

78 3597 137 3659 Pr.
163 3596 259 3677 Quod
275 3597 366 3662 stetit
379 3596 414 3661 id
428 3596 536 3674 stabit,
552 3597 617 3663 vim
632 3597 712 3683 legis
726 3597 804 3663 dum
818 3606 908 3663 tenet
922 3617 1008 3670 usus,

122 3695 168 3759 Et
183 3696 316 3781 populos
331 3707 418 3761 recta
432 3719 490 3782 pro
505 3697 627 3764 ratione
641 3697 734 3782 regit

80 3794 169 3878 Papa
183 3795 237 3859 aed
252 3795 292 3859 ad
306 3818 455 3880 magnam
470 3818 558 3880 spem
573 3818 628 3862 cor
641 3796 764 3875 dilatat,
776 3806 810 3862 et
823 3794 908 3862 orbis

123 3894 238 3959 Totius
252 3894 420 3979 imperium
435 3895 557 3982 cogitat
570 3918 638 3961 csse
652 3918 765 3960 suum:
1040 3892 1122 3954 1450

81 3993 126 4057 Et
136 3993 218 4076 juris
233 3993 344 4058 titulos
359 4004 530 4078 extorquet
545 3994 664 4062 Codice
683 4018 790 4061 sacro:

127 4089 270 4175 Supponi
286 4091 346 4157 sibi
361 4092 432 4158 vult
445 4094 553 4159 omnia
561 4095 635 4179 jure
651 4093 733 4159 Dei:

82 4190 115 4254 N
118 4189 340 4274 ominibusque
355 4192 440 4276 capit
455 4215 567 4279 regum
581 4192 700 4280 regalia
709 4193 791 4277 jura.

124 4288 233 4374 (Saepe
248 4288 361 4353 Fidem
376 4289 483 4374 gignit
496 4314 612 4356 nomen
628 4291 721 4355 inane
736 4290 806 4375 rei).

82 4389 272 4453 Pontificem
287 4388 349 4453 dici
364 4389 435 4452 vult
449 4413 492 4467 se,
508 4414 572 4475 quo
592 4390 719 4457 nomine
735 4389 893 4474 quondam

126 4489 298 4574 Augustus
314 4486 426 4551 Ronrae
442 4501 570 4574 ceperat
584 4489 764 4575 imperium.

84 4588 243 4672 Quodque
259 4586 323 4653 fuit
338 4583 446 4650 Moses
460 4587 485 4653 J
488 4588 596 4667 udaeia,
612 4598 645 4657 et
660 4588 747 4672 quod
761 4589 882 4665 Aaron,

703 4745 729 4789 ω
930 4705 1020 4761 002
