2656 5136
326 35 1203 455 -

65 624 140 693 328
326 637 381 692 un
407 638 690 695 urnamntsus
716 639 852 697 uncos.

66 803 156 871 Hinc
170 803 291 871 celsum
304 804 521 890 aoclivemquc
534 803 637 893 gradu
650 804 740 872 lento
752 815 789 873 et
802 806 886 893 pede
898 807 991 877 lasso

67 902 201 970 Scandit
213 927 327 989 equus,
342 926 567 990 summumque
576 905 693 992 jugum
706 928 783 972 mox
796 906 901 975 calcet
913 909 1069 979 anhelus.

66 1002 222 1071 Conversi
236 1004 389 1069 miramur
401 1026 477 1071 aves
485 1004 554 1090 jam
569 1026 681 1090 repere
694 1027 818 1092 segnes,

65 1108 182 1194 Atque
196 1107 332 1174 humiles
346 1107 431 1174 claro
445 1108 593 1194 transfigi
606 1108 726 1176 vertice
739 1112 866 1187 nubes3

66 1204 272 1274 Chatsworth
281 1209 350 1293 jnm
364 1216 531 1293 punctum,
545 1206 676 1274 Deroen
685 1209 754 1295 jam
767 1208 854 1276 linea
867 1232 973 1279 curva
986 1223 1055 1282 est

68 1305 137 1371 Vix
152 1306 215 1370 iter
228 1304 392 1391 inceptum
405 1306 579 1391 sequimur,
594 1328 669 1373 cum
682 1305 768 1373 levia
780 1308 901 1376 montis

67 1404 255 1490 Aspicimus
269 1406 381 1471 crebro
394 1404 526 1472 lacerari
540 1405 673 1472 vnlnere
687 1416 790 1494 terga,

68 1502 217 1588 Lateque
232 1513 343 1590 egesta
355 1503 487 1570 liratim¹
503 1504 662 1571 albescere
679 1516 774 1571 terra

68 1601 132 1668 Est
145 1602 282 1669 sublime
296 1602 409 1681 solum,
423 1602 580 1689 tenuique
595 1604 721 1671 friabile
734 1604 853 1691 gleba;

7 1715 38 1760 tt
70 1701 166 1784 Quod
180 1724 220 1768 ne
235 1702 363 1787 quando
375 1725 435 1768 sua
448 1704 548 1789 possit
561 1703 725 1770 subsidere
739 1704 832 1782 mole,

69 1801 197 1868 Natura
210 1801 356 1888 ingenito
369 1801 512 1869 suffulcit
525 1802 659 1888 provida
672 1826 759 1869 saxo.

68 1903 120 1968 At
135 1925 246 1968 saxum
260 1901 437 1968 innumeris
450 1901 561 1968 divisit
574 1901 609 1967 in
623 1902 734 1968 ordine
755 1901 845 1969 rimis

68 2002 156 2068 Ater
170 2025 266 2088 opum
281 2000 448 2080 dominus3
470 2012 667 2086 cunctasque
681 2000 728 2067 its
741 2000 816 2068 solis
829 2003 874 2069 ab
887 2013 967 2073 ortu

68 2101 174 2167 Duxit
188 2103 222 2166 in
237 2123 393 2181 occasum,
408 2123 474 2167 non
487 2111 525 2166 ut
538 2100 672 2167 sensisse
687 2100 845 2167 calentem

67 2201 234 2287 Lampada
247 2200 441 2278 Phoebaeam,
456 2200 513 2267 sed
525 2208 560 2266 et
573 2200 734 2287 aspexisse
748 2211 889 2286 putares.

69 2299 224 2369 Condidit
237 2300 287 2366 his
300 2298 397 2366 sulcis
410 2298 550 2367 melioris
563 2299 663 2365 cruda
676 2298 799 2365 metalli

70 2398 209 2476 Semina,
225 2398 320 2465 solari
333 2407 407 2484 post
421 2396 613 2484 perficienda
626 2397 740 2474 calore,

70 2497 222 2564 Tutands
235 2498 358 2563 interea
372 2497 460 2562 durae
475 2496 650 2562 munimine
665 2496 765 2582 rupis,

69 2597 158 2662 Ditis
172 2620 267 2663 avara
280 2620 394 2662 manus
408 2596 536 2662 frustra.
581 2595 616 2660 N
617 2619 668 2660 am
683 2618 741 2660 nec
757 2594 834 2659 satis
849 2593 926 2680 igno

5 2702 45 2762 10
72 2694 255 2780 Concoquit
269 2696 400 2780 obliquo
415 2695 461 2761 sol
476 2696 599 2782 plumbi
613 2707 717 2761 terrea
732 2695 844 2770 frusta,

71 2795 107 2860 N
108 2818 145 2861 cc
158 2795 299 2861 custodit
312 2794 429 2861 humus
443 2795 503 2861 sibi
518 2795 646 2861 creditu
693 2794 828 2860 Viscera
842 2804 938 2859 terrae

71 2896 202 2980 (Certus
217 2917 323 2980 opum,
340 2917 532 2980 quacunque
546 2894 649 2959 latent
664 2893 793 2978 regione
807 2903 958 2978 reposto,

71 2994 259 3081 Insidiator)
272 2994 367 3060 homo
382 2994 466 3060 ferro
480 2993 626 3080 pervadit
640 3004 674 3059 et
688 2992 783 3078 igne²;

74 3094 178 3162 Saxea
191 3093 389 3180 plumbiferae
403 3093 555 3160 rescindit
568 3092 712 3179 tegmine
726 3114 816 3156 venae

71 3193 307 3279 Exhauritque,
323 3194 427 3258 audax
436 3195 514 3279 jam,
526 3203 715 3279 paupertate
726 3193 872 3276 jubente,

72 3292 219 3359 Tartarei
235 3293 341 3379 praedo
356 3293 469 3358 fiscum
484 3292 619 3378 spoliare
633 3291 772 3377 tyranni.

73 3393 172 3458 Haud
188 3394 319 3480 impunc
332 3393 521 3478 aliquando:
538 3392 631 3456 (Ιιιοε3
645 3391 769 3456 telluris
784 3388 818 3452 in
833 3387 898 3450 iuro

72 3494 256 3578 Deprensos
270 3492 401 3579 gremio,
418 3491 509 3556 Mors
523 3500 667 3576 occupat,
683 3501 781 3573 atque
795 3485 958 3572 profundo

74 3593 251 3678 Oppressos
266 3591 348 3678 tegit
362 3590 423 3676 ipsi
438 3590 524 3675 quod
539 3589 647 3654 fodere
663 3587 816 3673 sepulcro.

1 3700 48 3760 20
75 3693 299 3779 Spiramcnta⁴‚
311 3691 398 3756 tubis
413 3713 495 3775 segre
510 3688 713 3754 admittentia
727 3683 859 3770 iniquis⁵

75 3794 166 3876 Quos
180 3791 335 3878 castigato
349 3789 492 3855 detrudit
506 3787 611 3853 inedia
626 3797 748 3862 ventre,

108 4088 117 4122 ¹
131 4086 291 4143 ordinatim:
307 4103 368 4138 uam
386 4086 463 4137 series
477 4083 576 4136 ludius-
647 4088 656 4115 ²
668 4082 796 4151 Contigit,
809 4083 1034 4149 pretereuntibus
1048 4088 1139 4151 nobis,

74 4189 132 4225 nun
146 4169 216 4224 unde
227 4169 347 4223 hauritur
358 4169 506 4238 plumbum,
519 4183 577 4237 par·
611 4184 625 4218 c
639 4165 742 4218 duobus
754 4165 799 4234 qui
819 4165 896 4215 ruina
915 4163 1000 4218 fovea·
1013 4173 1137 4238 oppressi

73 4255 240 4308 allelaesunt:
259 4252 507 4323 Angliocvocuntur
522 4250 576 4302 Tlss
611 4249 725 4310 l'usraut,
752 4264 837 4300 unum
868 4247 982 4313 extremi,
1013 4253 1137 4307 alterum

75 4338 169 4391 Rnles.
609 4334 701 4403 quaeri.

108 4420 201 4473 lem
219 4438 313 4474 saxum
326 4437 379 4490 quo
391 4419 493 4490 plumbi
506 4435 577 4472 sonu
648 4417 656 4444 ⁴
671 4416 817 4469 Fovrarurn
829 4414 972 4484 spiracula.

74 4506 249 4569 continentur,
267 4522 297 4556 eu
309 4512 348 4557 est
365 4501 509 4571 aliquando
528 4501 577 4553 du·
647 4500 751 4552 'Actis

74 4590 130 4642 ritis
143 4605 202 4657 quae
215 4604 267 4640 non
280 4588 329 4640 nisi
347 4588 408 4655 igne
421 4585 542 4638 vincitur.
