<?xml version="1.0" encoding="UTF-8"?>
<!DOCTYPE html PUBLIC "-//W3C//DTD XHTML 1.0 Transitional//EN"
    "http://www.w3.org/TR/xhtml1/DTD/xhtml1-transitional.dtd">
<html xmlns="http://www.w3.org/1999/xhtml" xml:lang="en" lang="en">
 <head>
  <title>
</title>
<meta http-equiv="Content-Type" content="text/html;charset=utf-8" />
  <meta name='ocr-system' content='tesseract 3.04.00' />
  <meta name='ocr-capabilities' content='ocr_page ocr_carea ocr_par ocr_line ocrx_word'/>
</head>
<body>
  <div class='ocr_page' id='page_1' title='image "./thomhobbesmalme00hobbgoog_0370.png"; bbox 0 0 2656 5136; ppageno 0'>
   <div class='ocr_carea' id='block_1_1' title="bbox 471 643 1163 711">
    <p class='ocr_par' dir='ltr' id='par_1_1' title="bbox 471 643 1163 711">
     <span class='ocr_line' id='line_1_1' title="bbox 471 643 1163 711; baseline 0.016 -11"><span class='ocrx_word' id='word_1_1' title='bbox 471 647 805 705; x_wconf 78' lang='lat' dir='ltr'>acccusrnsrror.</span> <span class='ocrx_word' id='word_1_2' title='bbox 1088 643 1163 711; x_wconf 77' lang='lat'>359</span> 
     </span>
    </p>
   </div>
   <div class='ocr_carea' id='block_1_2' title="bbox 118 808 1161 1301">
    <p class='ocr_par' dir='ltr' id='par_1_2' title="bbox 121 808 903 905">
     <span class='ocr_line' id='line_1_2' title="bbox 121 808 903 905; baseline 0.014 -29"><span class='ocrx_word' id='word_1_3' title='bbox 121 808 153 876; x_wconf 90' lang='lat' dir='ltr'>O</span> <span class='ocrx_word' id='word_1_4' title='bbox 167 809 299 889; x_wconf 86' lang='lat' dir='ltr'>utinam,</span> <span class='ocrx_word' id='word_1_5' title='bbox 315 812 436 878; x_wconf 89' lang='lat' dir='ltr'>matula</span> <span class='ocrx_word' id='word_1_6' title='bbox 449 824 585 881; x_wconf 87' lang='lat' dir='ltr'>mortem</span> <span class='ocrx_word' id='word_1_7' title='bbox 599 816 688 902; x_wconf 89' lang='lat' dir='ltr'>prius</span> <span class='ocrx_word' id='word_1_8' title='bbox 707 819 903 905; x_wconf 83' lang='lat' dir='ltr'>oppetiisset,</span> 
     </span>
    </p>

    <p class='ocr_par' dir='ltr' id='par_1_3' title="bbox 120 909 1161 1098">
     <span class='ocr_line' id='line_1_3' title="bbox 162 909 1161 1004; baseline 0.012 -31"><span class='ocrx_word' id='word_1_9' title='bbox 162 909 252 975; x_wconf 88' lang='lat' dir='ltr'>Ictus</span> <span class='ocrx_word' id='word_1_10' title='bbox 267 914 306 977; x_wconf 86' lang='lat' dir='ltr'>ab</span> <span class='ocrx_word' id='word_1_11' title='bbox 320 910 431 977; x_wconf 89' lang='lat' dir='ltr'>insana</span> <span class='ocrx_word' id='word_1_12' title='bbox 445 915 581 999; x_wconf 81' lang='lat' dir='ltr'>conjuge</span> <span class='ocrx_word' id='word_1_13' title='bbox 596 924 691 1002; x_wconf 87' lang='lat' dir='ltr'>turpe</span> <span class='ocrx_word' id='word_1_14' title='bbox 705 928 812 1004; x_wconf 84' lang='lat' dir='ltr'>eaput,</span> <span class='ocrx_word' id='word_1_15' title='bbox 1095 924 1161 985; x_wconf 85' lang='lat'>360</span> 
     </span>
     <span class='ocr_line' id='line_1_4' title="bbox 120 1006 805 1098; baseline 0.019 -28"><span class='ocrx_word' id='word_1_16' title='bbox 120 1006 227 1089; x_wconf 83' lang='lat' dir='ltr'>Quam</span> <span class='ocrx_word' id='word_1_17' title='bbox 241 1009 281 1074; x_wconf 89' lang='lat' dir='ltr'>de</span> <span class='ocrx_word' id='word_1_18' title='bbox 290 1010 419 1094; x_wconf 85' lang='lat' dir='ltr'>justitia</span> <span class='ocrx_word' id='word_1_19' title='bbox 432 1012 579 1098; x_wconf 86' lang='lat' dir='ltr'>coepisset</span> <span class='ocrx_word' id='word_1_20' title='bbox 592 1015 805 1094; x_wconf 81' lang='lat' dir='ltr'>sermocinari,</span> 
     </span>
    </p>

    <p class='ocr_par' dir='ltr' id='par_1_4' title="bbox 118 1107 939 1301">
     <span class='ocr_line' id='line_1_5' title="bbox 161 1107 772 1198; baseline 0.015 -26"><span class='ocrx_word' id='word_1_21' title='bbox 161 1107 208 1172; x_wconf 87' lang='lat' dir='ltr'>Et</span> <span class='ocrx_word' id='word_1_22' title='bbox 222 1108 296 1173; x_wconf 77' lang='lat' dir='ltr'>vitae</span> <span class='ocrx_word' id='word_1_23' title='bbox 311 1108 446 1175; x_wconf 88' lang='lat' dir='ltr'>dominis</span> <span class='ocrx_word' id='word_1_24' title='bbox 461 1111 597 1178; x_wconf 89' lang='lat' dir='ltr'>scribere</span> <span class='ocrx_word' id='word_1_25' title='bbox 606 1114 683 1198; x_wconf 87' lang='lat' dir='ltr'>jura</span> <span class='ocrx_word' id='word_1_26' title='bbox 696 1136 772 1180; x_wconf 79' lang='lat' dir='ltr'>suae.</span> 
     </span>
     <span class='ocr_line' id='line_1_6' title="bbox 118 1205 939 1301; baseline 0.015 -32"><span class='ocrx_word' id='word_1_27' title='bbox 118 1205 269 1291; x_wconf 80' lang='lat' dir='ltr'>Namque</span> <span class='ocrx_word' id='word_1_28' title='bbox 284 1208 324 1273; x_wconf 90' lang='lat' dir='ltr'>ab</span> <span class='ocrx_word' id='word_1_29' title='bbox 338 1231 376 1274; x_wconf 91' lang='lat' dir='ltr'>eo</span> <span class='ocrx_word' id='word_1_30' title='bbox 390 1209 485 1275; x_wconf 91' lang='lat' dir='ltr'>multi</span> <span class='ocrx_word' id='word_1_31' title='bbox 499 1210 680 1278; x_wconf 89' lang='lat' dir='ltr'>didicerunt</span> <span class='ocrx_word' id='word_1_32' title='bbox 693 1213 823 1298; x_wconf 88' lang='lat' dir='ltr'>publica</span> <span class='ocrx_word' id='word_1_33' title='bbox 835 1213 939 1301; x_wconf 89' lang='lat' dir='ltr'>primo</span> 
     </span>
    </p>
   </div>
   <div class='ocr_carea' id='block_1_3' title="bbox 106 1304 1155 4369">
    <p class='ocr_par' dir='ltr' id='par_1_5' title="bbox 106 1304 1155 4369">
     <span class='ocr_line' id='line_1_7' title="bbox 161 1304 769 1396; baseline 0.01 -24"><span class='ocrx_word' id='word_1_34' title='bbox 161 1304 323 1384; x_wconf 85' lang='lat' dir='ltr'>Censuris,</span> <span class='ocrx_word' id='word_1_35' title='bbox 338 1308 434 1386; x_wconf 88' lang='lat' dir='ltr'>cives,</span> <span class='ocrx_word' id='word_1_36' title='bbox 451 1310 586 1376; x_wconf 85' lang='lat' dir='ltr'>subdere</span> <span class='ocrx_word' id='word_1_37' title='bbox 595 1312 671 1396; x_wconf 85' lang='lat' dir='ltr'>jura</span> <span class='ocrx_word' id='word_1_38' title='bbox 684 1312 769 1378; x_wconf 86' lang='lat' dir='ltr'>suis:</span> 
     </span>
     <span class='ocr_line' id='line_1_8' title="bbox 117 1401 935 1496; baseline 0.01 -28"><span class='ocrx_word' id='word_1_39' title='bbox 117 1401 326 1490; x_wconf 88' lang='lat' dir='ltr'>Scribereque</span> <span class='ocrx_word' id='word_1_40' title='bbox 340 1406 380 1471; x_wconf 89' lang='lat' dir='ltr'>ad</span> <span class='ocrx_word' id='word_1_41' title='bbox 395 1406 511 1492; x_wconf 85' lang='lat' dir='ltr'>vulgus</span> <span class='ocrx_word' id='word_1_42' title='bbox 525 1419 685 1495; x_wconf 84' lang='lat' dir='ltr'>praeoepta</span> <span class='ocrx_word' id='word_1_43' title='bbox 698 1410 829 1496; x_wconf 84' lang='lat' dir='ltr'>politica</span> <span class='ocrx_word' id='word_1_44' title='bbox 842 1411 935 1478; x_wconf 85' lang='lat' dir='ltr'>stulti</span> 
     </span>
     <span class='ocr_line' id='line_1_9' title="bbox 158 1502 837 1595; baseline 0.009 -25"><span class='ocrx_word' id='word_1_45' title='bbox 158 1502 326 1582; x_wconf 79' lang='lat' dir='ltr'>Certatim,</span> <span class='ocrx_word' id='word_1_46' title='bbox 341 1516 379 1570; x_wconf 87' lang='lat' dir='ltr'>ut</span> <span class='ocrx_word' id='word_1_47' title='bbox 394 1506 509 1572; x_wconf 86' lang='lat' dir='ltr'>stultos</span> <span class='ocrx_word' id='word_1_48' title='bbox 523 1507 625 1593; x_wconf 87' lang='lat' dir='ltr'>gloria</span> <span class='ocrx_word' id='word_1_49' title='bbox 638 1532 720 1574; x_wconf 87' lang='lat' dir='ltr'>vana</span> <span class='ocrx_word' id='word_1_50' title='bbox 729 1510 837 1595; x_wconf 84' lang='lat' dir='ltr'>jubet:</span> 
     </span>
     <span class='ocr_line' id='line_1_10' title="bbox 114 1603 754 1695; baseline 0.011 -28"><span class='ocrx_word' id='word_1_51' title='bbox 114 1603 169 1681; x_wconf 91' lang='lat' dir='ltr'>Et,</span> <span class='ocrx_word' id='word_1_52' title='bbox 185 1605 343 1670; x_wconf 83' lang='lat' dir='ltr'>libertatis</span> <span class='ocrx_word' id='word_1_53' title='bbox 358 1605 498 1691; x_wconf 89' lang='lat' dir='ltr'>specioso</span> <span class='ocrx_word' id='word_1_54' title='bbox 513 1607 651 1686; x_wconf 90' lang='lat' dir='ltr'>nomine,</span> <span class='ocrx_word' id='word_1_55' title='bbox 666 1608 754 1695; x_wconf 89' lang='lat' dir='ltr'>leges</span> 
     </span>
     <span class='ocr_line' id='line_1_11' title="bbox 156 1702 823 1793; baseline 0.007 -26"><span class='ocrx_word' id='word_1_56' title='bbox 156 1702 192 1767; x_wconf 96' lang='lat' dir='ltr'>N</span> <span class='ocrx_word' id='word_1_57' title='bbox 193 1704 342 1790; x_wconf 86' lang='lat' dir='ltr'>egligere,</span> <span class='ocrx_word' id='word_1_58' title='bbox 358 1716 392 1770; x_wconf 90' lang='lat' dir='ltr'>et</span> <span class='ocrx_word' id='word_1_59' title='bbox 406 1727 496 1792; x_wconf 89' lang='lat' dir='ltr'>reges</span> <span class='ocrx_word' id='word_1_60' title='bbox 510 1729 578 1772; x_wconf 91' lang='lat' dir='ltr'>esse</span> <span class='ocrx_word' id='word_1_61' title='bbox 593 1717 707 1793; x_wconf 88' lang='lat' dir='ltr'>putare</span> <span class='ocrx_word' id='word_1_62' title='bbox 721 1706 823 1793; x_wconf 88' lang='lat' dir='ltr'>lupos.</span> 
     </span>
     <span class='ocr_line' id='line_1_12' title="bbox 115 1801 891 1892; baseline 0.006 -26"><span class='ocrx_word' id='word_1_63' title='bbox 115 1801 205 1884; x_wconf 84' lang='lat' dir='ltr'>Quos</span> <span class='ocrx_word' id='word_1_64' title='bbox 221 1803 305 1868; x_wconf 86' lang='lat' dir='ltr'>iuter</span> <span class='ocrx_word' id='word_1_65' title='bbox 320 1803 487 1891; x_wconf 82' lang='lat' dir='ltr'>Stagyrita</span> <span class='ocrx_word' id='word_1_66' title='bbox 500 1804 573 1883; x_wconf 79' lang='lat' dir='ltr'>suit,</span> <span class='ocrx_word' id='word_1_67' title='bbox 588 1806 665 1872; x_wconf 87' lang='lat' dir='ltr'>licet</span> <span class='ocrx_word' id='word_1_68' title='bbox 678 1806 745 1892; x_wconf 88' lang='lat' dir='ltr'>ipse</span> <span class='ocrx_word' id='word_1_69' title='bbox 761 1806 891 1892; x_wconf 83' lang='lat' dir='ltr'>tyranni</span> 
     </span>
     <span class='ocr_line' id='line_1_13' title="bbox 156 1902 1155 1990; baseline 0.006 -24"><span class='ocrx_word' id='word_1_70' title='bbox 156 1902 279 1967; x_wconf 88' lang='lat' dir='ltr'>Doctor</span> <span class='ocrx_word' id='word_1_71' title='bbox 293 1914 362 1969; x_wconf 89' lang='lat' dir='ltr'>erat</span> <span class='ocrx_word' id='word_1_72' title='bbox 376 1904 493 1990; x_wconf 86' lang='lat' dir='ltr'>magni,</span> <span class='ocrx_word' id='word_1_73' title='bbox 508 1928 644 1990; x_wconf 87' lang='lat' dir='ltr'>magnus</span> <span class='ocrx_word' id='word_1_74' title='bbox 659 1904 865 1970; x_wconf 86' lang='lat' dir='ltr'>Aristoteles.</span> <span class='ocrx_word' id='word_1_75' title='bbox 1091 1912 1131 1974; x_wconf 80' lang='lat'>37</span> <span class='ocrx_word' id='word_1_76' title='bbox 1134 1915 1155 1972; x_wconf 94' lang='lat'>0</span> 
     </span>
     <span class='ocr_line' id='line_1_14' title="bbox 114 1999 1054 2087; baseline 0.003 -22"><span class='ocrx_word' id='word_1_77' title='bbox 114 1999 220 2082; x_wconf 85' lang='lat' dir='ltr'>Quem</span> <span class='ocrx_word' id='word_1_78' title='bbox 236 2001 359 2079; x_wconf 88' lang='lat' dir='ltr'>Cicero,</span> <span class='ocrx_word' id='word_1_79' title='bbox 375 2013 408 2068; x_wconf 91' lang='lat' dir='ltr'>et</span> <span class='ocrx_word' id='word_1_80' title='bbox 424 2001 554 2080; x_wconf 81' lang='lat' dir='ltr'>Seneca,</span> <span class='ocrx_word' id='word_1_81' title='bbox 570 2003 779 2087; x_wconf 87' lang='lat' dir='ltr'>Tacitusque,</span> <span class='ocrx_word' id='word_1_82' title='bbox 794 2014 829 2070; x_wconf 91' lang='lat' dir='ltr'>et</span> <span class='ocrx_word' id='word_1_83' title='bbox 841 2000 929 2070; x_wconf 88' lang='lat' dir='ltr'>mille</span> <span class='ocrx_word' id='word_1_84' title='bbox 943 2003 1054 2082; x_wconf 85' lang='lat' dir='ltr'>secuti,</span> 
     </span>
     <span class='ocr_line' id='line_1_15' title="bbox 155 2099 753 2187; baseline 0.005 -24"><span class='ocrx_word' id='word_1_85' title='bbox 155 2099 262 2185; x_wconf 85' lang='lat' dir='ltr'>Reges</span> <span class='ocrx_word' id='word_1_86' title='bbox 277 2124 334 2166; x_wconf 89' lang='lat' dir='ltr'>nos</span> <span class='ocrx_word' id='word_1_87' title='bbox 349 2111 473 2167; x_wconf 89' lang='lat' dir='ltr'>nostros</span> <span class='ocrx_word' id='word_1_88' title='bbox 487 2101 662 2168; x_wconf 79' lang='lat' dir='ltr'>dedecuere</span> <span class='ocrx_word' id='word_1_89' title='bbox 677 2100 753 2187; x_wconf 82' lang='lat' dir='ltr'>pati.</span> 
     </span>
     <span class='ocr_line' id='line_1_16' title="bbox 113 2197 847 2284; baseline 0.003 -22"><span class='ocrx_word' id='word_1_90' title='bbox 113 2197 176 2263; x_wconf 92' lang='lat' dir='ltr'>His</span> <span class='ocrx_word' id='word_1_91' title='bbox 190 2199 408 2266; x_wconf 88' lang='lat' dir='ltr'>democraticis</span> <span class='ocrx_word' id='word_1_92' title='bbox 422 2200 513 2266; x_wconf 89' lang='lat' dir='ltr'>lectis</span> <span class='ocrx_word' id='word_1_93' title='bbox 528 2200 724 2278; x_wconf 80' lang='lat' dir='ltr'>authoribus,</span> <span class='ocrx_word' id='word_1_94' title='bbox 741 2207 775 2266; x_wconf 90' lang='lat' dir='ltr'>et</span> <span class='ocrx_word' id='word_1_95' title='bbox 789 2198 847 2284; x_wconf 91' lang='lat' dir='ltr'>qui</span> 
     </span>
     <span class='ocr_line' id='line_1_17' title="bbox 154 2297 730 2386; baseline 0.003 -24"><span class='ocrx_word' id='word_1_96' title='bbox 154 2297 213 2362; x_wconf 92' lang='lat' dir='ltr'>Nil</span> <span class='ocrx_word' id='word_1_97' title='bbox 227 2298 407 2364; x_wconf 82' lang='lat' dir='ltr'>libertatem</span> <span class='ocrx_word' id='word_1_98' title='bbox 422 2299 599 2385; x_wconf 83' lang='lat' dir='ltr'>significare</span> <span class='ocrx_word' id='word_1_99' title='bbox 612 2308 730 2386; x_wconf 82' lang='lat' dir='ltr'>putant</span> 
     </span>
     <span class='ocr_line' id='line_1_18' title="bbox 111 2395 981 2485; baseline 0.002 -24"><span class='ocrx_word' id='word_1_100' title='bbox 111 2395 334 2482; x_wconf 88' lang='lat' dir='ltr'>Praeterquam</span> <span class='ocrx_word' id='word_1_101' title='bbox 348 2397 418 2464; x_wconf 86' lang='lat' dir='ltr'>vioe</span> <span class='ocrx_word' id='word_1_102' title='bbox 433 2420 594 2483; x_wconf 88' lang='lat' dir='ltr'>quemque</span> <span class='ocrx_word' id='word_1_103' title='bbox 609 2421 666 2463; x_wconf 87' lang='lat' dir='ltr'>sua</span> <span class='ocrx_word' id='word_1_104' title='bbox 680 2419 826 2485; x_wconf 85' lang='lat' dir='ltr'>regnare:</span> <span class='ocrx_word' id='word_1_105' title='bbox 843 2395 981 2463; x_wconf 80' lang='lat' dir='ltr'>nefanda</span> 
     </span>
     <span class='ocr_line' id='line_1_19' title="bbox 153 2496 771 2583; baseline 0 -22"><span class='ocrx_word' id='word_1_106' title='bbox 153 2496 194 2561; x_wconf 90' lang='lat' dir='ltr'>In</span> <span class='ocrx_word' id='word_1_107' title='bbox 209 2497 334 2583; x_wconf 85' lang='lat' dir='ltr'>Regem</span> <span class='ocrx_word' id='word_1_108' title='bbox 348 2497 434 2563; x_wconf 90' lang='lat' dir='ltr'>cives</span> <span class='ocrx_word' id='word_1_109' title='bbox 448 2521 536 2563; x_wconf 85' lang='lat' dir='ltr'>arma</span> <span class='ocrx_word' id='word_1_110' title='bbox 549 2497 653 2564; x_wconf 85' lang='lat' dir='ltr'>tulere</span> <span class='ocrx_word' id='word_1_111' title='bbox 667 2519 771 2562; x_wconf 86' lang='lat' dir='ltr'>suurn.</span> 
     </span>
     <span class='ocr_line' id='line_1_20' title="bbox 111 2595 922 2684; baseline 0.001 -24"><span class='ocrx_word' id='word_1_112' title='bbox 111 2596 185 2677; x_wconf 81' lang='lat' dir='ltr'>Quo</span> <span class='ocrx_word' id='word_1_113' title='bbox 201 2598 284 2663; x_wconf 92' lang='lat' dir='ltr'>bello</span> <span class='ocrx_word' id='word_1_114' title='bbox 298 2597 419 2683; x_wconf 88' lang='lat' dir='ltr'>periere</span> <span class='ocrx_word' id='word_1_115' title='bbox 434 2597 539 2663; x_wconf 85' lang='lat' dir='ltr'>virum</span> <span class='ocrx_word' id='word_1_116' title='bbox 553 2619 652 2684; x_wconf 91' lang='lat' dir='ltr'>prope</span> <span class='ocrx_word' id='word_1_117' title='bbox 666 2595 768 2662; x_wconf 88' lang='lat' dir='ltr'>millia</span> <span class='ocrx_word' id='word_1_118' title='bbox 781 2605 922 2674; x_wconf 86' lang='lat' dir='ltr'>centum,</span> 
     </span>
     <span class='ocr_line' id='line_1_21' title="bbox 153 2695 824 2783; baseline 0.004 -24"><span class='ocrx_word' id='word_1_119' title='bbox 153 2695 199 2759; x_wconf 84' lang='lat' dir='ltr'>Et</span> <span class='ocrx_word' id='word_1_120' title='bbox 213 2696 316 2761; x_wconf 87' lang='lat' dir='ltr'>victus</span> <span class='ocrx_word' id='word_1_121' title='bbox 332 2696 459 2761; x_wconf 87' lang='lat' dir='ltr'>tandem</span> <span class='ocrx_word' id='word_1_122' title='bbox 474 2696 548 2761; x_wconf 87' lang='lat' dir='ltr'>Rex</span> <span class='ocrx_word' id='word_1_123' title='bbox 557 2696 727 2783; x_wconf 87' lang='lat' dir='ltr'>jugulatus</span> <span class='ocrx_word' id='word_1_124' title='bbox 748 2705 824 2762; x_wconf 81' lang='lat' dir='ltr'>erat</span> 
     </span>
     <span class='ocr_line' id='line_1_22' title="bbox 111 2793 958 2881; baseline 0.002 -23"><span class='ocrx_word' id='word_1_125' title='bbox 111 2793 206 2875; x_wconf 82' lang='lat' dir='ltr'>Quod</span> <span class='ocrx_word' id='word_1_126' title='bbox 221 2795 291 2859; x_wconf 87' lang='lat' dir='ltr'>fieri</span> <span class='ocrx_word' id='word_1_127' title='bbox 305 2795 428 2860; x_wconf 85' lang='lat' dir='ltr'>facinus</span> <span class='ocrx_word' id='word_1_128' title='bbox 442 2795 532 2881; x_wconf 91' lang='lat' dir='ltr'>plebs</span> <span class='ocrx_word' id='word_1_129' title='bbox 547 2819 712 2880; x_wconf 83' lang='lat' dir='ltr'>nunquam</span> <span class='ocrx_word' id='word_1_130' title='bbox 727 2817 819 2880; x_wconf 86' lang='lat' dir='ltr'>passa</span> <span class='ocrx_word' id='word_1_131' title='bbox 833 2793 958 2872; x_wconf 85' lang='lat' dir='ltr'>suisset,</span> 
     </span>
     <span class='ocr_line' id='line_1_23' title="bbox 152 2890 1152 2979; baseline 0.003 -25"><span class='ocrx_word' id='word_1_132' title='bbox 152 2890 298 2957; x_wconf 84' lang='lat' dir='ltr'>Maxima</span> <span class='ocrx_word' id='word_1_133' title='bbox 312 2892 346 2956; x_wconf 93' lang='lat' dir='ltr'>ni</span> <span class='ocrx_word' id='word_1_134' title='bbox 361 2893 436 2958; x_wconf 89' lang='lat' dir='ltr'>oleri</span> <span class='ocrx_word' id='word_1_135' title='bbox 451 2916 523 2979; x_wconf 86' lang='lat' dir='ltr'>pars</span> <span class='ocrx_word' id='word_1_136' title='bbox 538 2893 708 2959; x_wconf 82' lang='lat' dir='ltr'>animasset</span> <span class='ocrx_word' id='word_1_137' title='bbox 721 2916 784 2959; x_wconf 79' lang='lat' dir='ltr'>eos</span> <span class='ocrx_word' id='word_1_138' title='bbox 1087 2897 1152 2958; x_wconf 84' lang='lat'>380</span> 
     </span>
     <span class='ocr_line' id='line_1_24' title="bbox 109 2990 942 3079; baseline 0.002 -23"><span class='ocrx_word' id='word_1_139' title='bbox 109 2990 200 3056; x_wconf 88' lang='lat' dir='ltr'>Grex</span> <span class='ocrx_word' id='word_1_140' title='bbox 216 2991 403 3056; x_wconf 89' lang='lat' dir='ltr'>Aristotelis</span> <span class='ocrx_word' id='word_1_141' title='bbox 416 2991 481 3057; x_wconf 80' lang='lat' dir='ltr'>fuit</span> <span class='ocrx_word' id='word_1_142' title='bbox 494 2991 569 3068; x_wconf 86' lang='lat' dir='ltr'>hie;</span> <span class='ocrx_word' id='word_1_143' title='bbox 592 2992 830 3079; x_wconf 85' lang='lat' dir='ltr'>metaphysicus</span> <span class='ocrx_word' id='word_1_144' title='bbox 845 3002 942 3078; x_wconf 84' lang='lat' dir='ltr'>atquc</span> 
     </span>
     <span class='ocr_line' id='line_1_25' title="bbox 151 3089 876 3176; baseline 0.004 -23"><span class='ocrx_word' id='word_1_145' title='bbox 151 3089 310 3175; x_wconf 89' lang='lat' dir='ltr'>Physicus</span> <span class='ocrx_word' id='word_1_146' title='bbox 324 3099 358 3154; x_wconf 90' lang='lat' dir='ltr'>et</span> <span class='ocrx_word' id='word_1_147' title='bbox 371 3089 494 3176; x_wconf 91' lang='lat' dir='ltr'>logicus</span> <span class='ocrx_word' id='word_1_148' title='bbox 508 3089 749 3175; x_wconf 73' lang='lat' dir='ltr'>rhetoribusque</span> <span class='ocrx_word' id='word_1_149' title='bbox 764 3090 876 3167; x_wconf 91' lang='lat' dir='ltr'>simul;</span> 
     </span>
     <span class='ocr_line' id='line_1_26' title="bbox 108 3189 969 3274; baseline 0 -20"><span class='ocrx_word' id='word_1_150' title='bbox 108 3189 154 3254; x_wconf 89' lang='lat' dir='ltr'>Et</span> <span class='ocrx_word' id='word_1_151' title='bbox 169 3213 305 3274; x_wconf 87' lang='lat' dir='ltr'>quorum</span> <span class='ocrx_word' id='word_1_152' title='bbox 319 3189 459 3254; x_wconf 86' lang='lat' dir='ltr'>mandris</span> <span class='ocrx_word' id='word_1_153' title='bbox 473 3211 560 3254; x_wconf 90' lang='lat' dir='ltr'>nunc</span> <span class='ocrx_word' id='word_1_154' title='bbox 573 3199 624 3256; x_wconf 86' lang='lat' dir='ltr'>est</span> <span class='ocrx_word' id='word_1_155' title='bbox 639 3191 827 3255; x_wconf 72' lang='lat' dir='ltr'>Acaunum</span> <span class='ocrx_word' id='word_1_156' title='bbox 841 3212 969 3268; x_wconf 90' lang='lat' dir='ltr'>nomeu,</span> 
     </span>
     <span class='ocr_line' id='line_1_27' title="bbox 150 3287 849 3375; baseline 0 -21"><span class='ocrx_word' id='word_1_157' title='bbox 150 3290 272 3356; x_wconf 88' lang='lat' dir='ltr'>Noster</span> <span class='ocrx_word' id='word_1_158' title='bbox 286 3299 355 3354; x_wconf 89' lang='lat' dir='ltr'>erat</span> <span class='ocrx_word' id='word_1_159' title='bbox 368 3297 477 3375; x_wconf 80' lang='lat' dir='ltr'>pastor</span> <span class='ocrx_word' id='word_1_160' title='bbox 491 3310 633 3354; x_wconf 88' lang='lat' dir='ltr'>summus</span> <span class='ocrx_word' id='word_1_161' title='bbox 645 3287 849 3354; x_wconf 82' lang='lat' dir='ltr'>Aristoteles.</span> 
     </span>
     <span class='ocr_line' id='line_1_28' title="bbox 107 3387 1034 3475; baseline -0.005 -18"><span class='ocrx_word' id='word_1_162' title='bbox 107 3395 173 3458; x_wconf 81' lang='lat' dir='ltr'>Sec.</span> <span class='ocrx_word' id='word_1_163' title='bbox 197 3389 232 3454; x_wconf 93' lang='lat' dir='ltr'>N</span> <span class='ocrx_word' id='word_1_164' title='bbox 233 3413 275 3455; x_wconf 92' lang='lat' dir='ltr'>on</span> <span class='ocrx_word' id='word_1_165' title='bbox 289 3388 373 3455; x_wconf 87' lang='lat' dir='ltr'>tanti</span> <span class='ocrx_word' id='word_1_166' title='bbox 387 3399 466 3475; x_wconf 87' lang='lat' dir='ltr'>puto</span> <span class='ocrx_word' id='word_1_167' title='bbox 481 3387 561 3454; x_wconf 88' lang='lat' dir='ltr'>scire</span> <span class='ocrx_word' id='word_1_168' title='bbox 575 3387 639 3453; x_wconf 82' lang='lat' dir='ltr'>suit</span> <span class='ocrx_word' id='word_1_169' title='bbox 655 3388 767 3454; x_wconf 83' lang='lat' dir='ltr'>Graece</span> <span class='ocrx_word' id='word_1_170' title='bbox 780 3399 879 3473; x_wconf 86' lang='lat' dir='ltr'>atque</span> <span class='ocrx_word' id='word_1_171' title='bbox 893 3387 1034 3452; x_wconf 86' lang='lat' dir='ltr'>Latine:</span> 
     </span>
     <span class='ocr_line' id='line_1_29' title="bbox 149 3486 950 3573; baseline -0.001 -20"><span class='ocrx_word' id='word_1_172' title='bbox 149 3490 184 3553; x_wconf 98' lang='lat' dir='ltr'>N</span> <span class='ocrx_word' id='word_1_173' title='bbox 186 3513 221 3555; x_wconf 93' lang='lat' dir='ltr'>ec</span> <span class='ocrx_word' id='word_1_174' title='bbox 235 3512 319 3555; x_wconf 88' lang='lat' dir='ltr'>nova</span> <span class='ocrx_word' id='word_1_175' title='bbox 333 3511 396 3553; x_wconf 85' lang='lat' dir='ltr'>vox</span> <span class='ocrx_word' id='word_1_176' title='bbox 406 3486 510 3573; x_wconf 87' lang='lat' dir='ltr'>pretio</span> <span class='ocrx_word' id='word_1_177' title='bbox 524 3486 688 3572; x_wconf 86' lang='lat' dir='ltr'>sanguinis</span> <span class='ocrx_word' id='word_1_178' title='bbox 702 3497 811 3573; x_wconf 82' lang='lat' dir='ltr'>empta</span> <span class='ocrx_word' id='word_1_179' title='bbox 824 3486 950 3573; x_wconf 63' lang='lat' dir='ltr'>placed.</span> 
     </span>
     <span class='ocr_line' id='line_1_30' title="bbox 108 3586 876 3671; baseline 0 -18"><span class='ocrx_word' id='word_1_180' title='bbox 108 3587 182 3669; x_wconf 82' lang='lat' dir='ltr'>Quo</span> <span class='ocrx_word' id='word_1_181' title='bbox 196 3589 288 3655; x_wconf 92' lang='lat' dir='ltr'>nobis</span> <span class='ocrx_word' id='word_1_182' title='bbox 300 3588 407 3653; x_wconf 91' lang='lat' dir='ltr'>minus</span> <span class='ocrx_word' id='word_1_183' title='bbox 422 3609 490 3652; x_wconf 88' lang='lat' dir='ltr'>esse</span> <span class='ocrx_word' id='word_1_184' title='bbox 504 3586 581 3652; x_wconf 88' lang='lat' dir='ltr'>licet</span> <span class='ocrx_word' id='word_1_185' title='bbox 594 3586 741 3652; x_wconf 81' lang='lat' dir='ltr'>felicibus</span> <span class='ocrx_word' id='word_1_186' title='bbox 755 3588 876 3671; x_wconf 85' lang='lat' dir='ltr'>absque</span> 
     </span>
     <span class='ocr_line' id='line_1_31' title="bbox 150 3683 828 3775; baseline -0.001 -24"><span class='ocrx_word' id='word_1_187' title='bbox 150 3688 287 3775; x_wconf 88' lang='lat' dir='ltr'>Linguis</span> <span class='ocrx_word' id='word_1_188' title='bbox 301 3685 452 3763; x_wconf 82' lang='lat' dir='ltr'>externis,</span> <span class='ocrx_word' id='word_1_189' title='bbox 468 3708 565 3770; x_wconf 90' lang='lat' dir='ltr'>quam</span> <span class='ocrx_word' id='word_1_190' title='bbox 580 3683 644 3751; x_wconf 81' lang='lat' dir='ltr'>fuit</span> <span class='ocrx_word' id='word_1_191' title='bbox 659 3685 828 3771; x_wconf 81' lang='lat' dir='ltr'>Assyriis?</span> 
     </span>
     <span class='ocr_line' id='line_1_32' title="bbox 108 3782 834 3870; baseline -0.004 -18"><span class='ocrx_word' id='word_1_192' title='bbox 108 3784 176 3852; x_wconf 90' lang='lat' dir='ltr'>Cur</span> <span class='ocrx_word' id='word_1_193' title='bbox 189 3796 342 3852; x_wconf 82' lang='lat' dir='ltr'>contenta</span> <span class='ocrx_word' id='word_1_194' title='bbox 352 3808 410 3851; x_wconf 89' lang='lat' dir='ltr'>sua</span> <span class='ocrx_word' id='word_1_195' title='bbox 423 3784 487 3849; x_wconf 80' lang='lat' dir='ltr'>fuit</span> <span class='ocrx_word' id='word_1_196' title='bbox 501 3807 567 3851; x_wconf 86' lang='lat' dir='ltr'>una</span> <span class='ocrx_word' id='word_1_197' title='bbox 581 3782 709 3852; x_wconf 84' lang='lat' dir='ltr'>Graecia</span> <span class='ocrx_word' id='word_1_198' title='bbox 721 3784 834 3870; x_wconf 84' lang='lat' dir='ltr'>lingua</span> 
     </span>
     <span class='ocr_line' id='line_1_33' title="bbox 150 3883 1147 3970; baseline -0.006 -18"><span class='ocrx_word' id='word_1_199' title='bbox 150 3885 297 3964; x_wconf 83' lang='lat' dir='ltr'>Garrula,</span> <span class='ocrx_word' id='word_1_200' title='bbox 313 3908 372 3951; x_wconf 91' lang='lat' dir='ltr'>nec</span> <span class='ocrx_word' id='word_1_201' title='bbox 386 3884 481 3970; x_wconf 88' lang='lat' dir='ltr'>petiit</span> <span class='ocrx_word' id='word_1_202' title='bbox 495 3887 592 3951; x_wconf 86' lang='lat' dir='ltr'>verba</span> <span class='ocrx_word' id='word_1_203' title='bbox 605 3883 726 3951; x_wconf 87' lang='lat' dir='ltr'>Latina</span> <span class='ocrx_word' id='word_1_204' title='bbox 739 3884 850 3970; x_wconf 82' lang='lat' dir='ltr'>prior?</span> <span class='ocrx_word' id='word_1_205' title='bbox 1084 3885 1147 3947; x_wconf 82' lang='lat'>390</span> 
     </span>
     <span class='ocr_line' id='line_1_34' title="bbox 108 3983 923 4071; baseline -0.002 -21"><span class='ocrx_word' id='word_1_206' title='bbox 108 3985 216 4069; x_wconf 84' lang='lat' dir='ltr'>Quare</span> <span class='ocrx_word' id='word_1_207' title='bbox 231 3985 287 4069; x_wconf 89' lang='lat' dir='ltr'>qui</span> <span class='ocrx_word' id='word_1_208' title='bbox 301 3984 443 4071; x_wconf 89' lang='lat' dir='ltr'>linguam</span> <span class='ocrx_word' id='word_1_209' title='bbox 458 3983 557 4049; x_wconf 85' lang='lat' dir='ltr'>solam</span> <span class='ocrx_word' id='word_1_210' title='bbox 571 3983 749 4048; x_wconf 89' lang='lat' dir='ltr'>addidicere</span> <span class='ocrx_word' id='word_1_211' title='bbox 765 3983 923 4060; x_wconf 85' lang='lat' dir='ltr'>Latinam,</span> 
     </span>
     <span class='ocr_line' id='line_1_35' title="bbox 150 4083 774 4170; baseline -0.002 -21"><span class='ocrx_word' id='word_1_212' title='bbox 150 4085 242 4149; x_wconf 91' lang='lat' dir='ltr'>Illam</span> <span class='ocrx_word' id='word_1_213' title='bbox 258 4107 316 4149; x_wconf 88' lang='lat' dir='ltr'>nec</span> <span class='ocrx_word' id='word_1_214' title='bbox 331 4084 432 4160; x_wconf 85' lang='lat' dir='ltr'>valde,</span> <span class='ocrx_word' id='word_1_215' title='bbox 448 4095 667 4170; x_wconf 85' lang='lat' dir='ltr'>praetereaque</span> <span class='ocrx_word' id='word_1_216' title='bbox 681 4083 774 4160; x_wconf 91' lang='lat' dir='ltr'>nihil,</span> 
     </span>
     <span class='ocr_line' id='line_1_36' title="bbox 106 4183 876 4268; baseline -0.001 -19"><span class='ocrx_word' id='word_1_217' title='bbox 106 4185 270 4249; x_wconf 83' lang='lat' dir='ltr'>Dicuntur</span> <span class='ocrx_word' id='word_1_218' title='bbox 284 4184 389 4259; x_wconf 80' lang='lat' dir='ltr'>doeti3</span> <span class='ocrx_word' id='word_1_219' title='bbox 414 4184 471 4267; x_wconf 93' lang='lat' dir='ltr'>qui</span> <span class='ocrx_word' id='word_1_220' title='bbox 486 4185 546 4249; x_wconf 87' lang='lat' dir='ltr'>scit</span> <span class='ocrx_word' id='word_1_221' title='bbox 560 4186 641 4249; x_wconf 84' lang='lat' dir='ltr'>bene</span> <span class='ocrx_word' id='word_1_222' title='bbox 656 4184 801 4268; x_wconf 87' lang='lat' dir='ltr'>pluribus</span> <span class='ocrx_word' id='word_1_223' title='bbox 816 4183 876 4260; x_wconf 90' lang='lat' dir='ltr'>uti,</span> 
     </span>
     <span class='ocr_line' id='line_1_37' title="bbox 149 4283 814 4369; baseline -0.002 -21"><span class='ocrx_word' id='word_1_224' title='bbox 149 4284 278 4349; x_wconf 87' lang='lat' dir='ltr'>Dicitur</span> <span class='ocrx_word' id='word_1_225' title='bbox 293 4283 447 4360; x_wconf 90' lang='lat' dir='ltr'>indoctus,</span> <span class='ocrx_word' id='word_1_226' title='bbox 464 4284 563 4369; x_wconf 88' lang='lat' dir='ltr'>plebs,</span> <span class='ocrx_word' id='word_1_227' title='bbox 578 4283 687 4360; x_wconf 82' lang='lat' dir='ltr'>idiota,</span> <span class='ocrx_word' id='word_1_228' title='bbox 702 4283 814 4348; x_wconf 79' lang='lat' dir='ltr'>rudis?</span> 
     </span>
    </p>
   </div>
   <div class='ocr_carea' id='block_1_4' title="bbox 349 4477 899 4554">
    <p class='ocr_par' dir='ltr' id='par_1_6' title="bbox 349 4477 899 4554">
     <span class='ocr_line' id='line_1_38' title="bbox 349 4477 899 4554; baseline 0 -21"><span class='ocrx_word' id='word_1_229' title='bbox 349 4483 356 4517; x_wconf 87' lang='lat'><strong>¹</strong></span> <span class='ocrx_word' id='word_1_230' title='bbox 378 4482 459 4552; x_wconf 88' lang='lat' dir='ltr'>[Vide</span> <span class='ocrx_word' id='word_1_231' title='bbox 471 4482 779 4554; x_wconf 75' lang='lat' dir='ltr'>Lauarusu,&#39;Anglice,</span> <span class='ocrx_word' id='word_1_232' title='bbox 791 4499 816 4552; x_wconf 89' lang='lat' dir='ltr'>p.</span> <span class='ocrx_word' id='word_1_233' title='bbox 825 4477 899 4547; x_wconf 65' lang='lat'>20³]</span> 
     </span>
    </p>
   </div>
   <div class='ocr_carea' id='block_1_5' title="bbox 0 0 1332 5136">
    <p class='ocr_par' dir='ltr' id='par_1_7' title="bbox 0 0 1332 5136">
     <span class='ocr_line' id='line_1_39' title="bbox 0 0 1332 5136; baseline 0 3"><span class='ocrx_word' id='word_1_234' title='bbox 0 0 1332 5136; x_wconf 95' lang='lat' dir='ltr'> </span> 
     </span>
    </p>
   </div>
  </div>
 </body>
</html>
