2656 5136
165 653 214 731 70
325 670 546 725 nocrmua
567 668 841 723 warmarium
857 668 912 722 na
932 667 1054 722 noro

163 838 273 911 etium
295 836 419 910 alteru
437 838 467 911 C
483 836 645 911 alteram
660 838 692 910 Ε
708 837 832 933 efficit,
845 846 884 911 et
900 835 1021 911 tertia
1033 836 1201 911 tertiam

163 974 237 1024 uon
257 963 313 1023 est
334 953 392 1043 (ut
408 950 470 1024 ille
487 952 609 1047 putat)
625 950 887 1048 propositionis
905 950 1183 1026 demonstratio.

214 1065 471 1161 supponamus
501 1065 601 1139 enim
620 1065 756 1139 ourrui
783 1088 898 1163 equos
923 1066 1079 1161 junctos
1107 1064 1204 1155 duos,

164 1178 227 1274 qui
243 1178 347 1250 illum
365 1179 515 1252 trahant
531 1202 606 1251 nna
621 1178 716 1252 hora
726 1202 840 1252 unam
856 1178 1000 1251 leucam
1013 1188 1098 1252 tota
1112 1178 1162 1253 vi.

215 1292 471 1388 Supponamus
506 1291 619 1366 etiam
649 1292 768 1366 eidem
799 1292 925 1365 comui
951 1292 1105 1388 junctos
1133 1314 1208 1367 esse

164 1428 276 1501 equos
293 1429 357 1478 sex
374 1428 479 1501 aeque
495 1390 621 1495 fortes,
636 1429 762 1502 quaero
779 1416 872 1503 quot
887 1404 1013 1479 leucas
1030 1428 1108 1479 una
1121 1404 1208 1479 hora

164 1518 362 1592 conficient
384 1518 470 1615 equi
495 1518 550 1591 illi
574 1541 650 1591 sex.
703 1518 851 1608 Nonne,
871 1519 981 1613 juxta
1006 1518 1107 1592 hano
1131 1542 1208 1614 pro·

162 1632 397 1728 positionem,
414 1633 596 1706 conficere
619 1631 757 1706 debent
781 1632 905 1706 leucas
931 1630 1024 1706 sexi
1077 1634 1130 1706 At
1145 1632 1208 1705 im-

163 1746 338 1841 possibile
369 1755 435 1819 est.
490 1746 652 1819 Tantum
680 1746 779 1820 enim
808 1746 982 1842 spatium,
1017 1770 1068 1820 ne
1102 1770 1208 1821 onere

165 1859 311 1956 quidem
325 1859 444 1945 liberi,
454 1859 613 1933 transire
626 1872 793 1955 possunt.
829 1859 1111 1935 Demonstratio
1125 1884 1208 1959 ergo

164 1973 255 2067 ejus,
272 1995 417 2068 nempe,
434 1970 471 2043 ai
487 1995 605 2045 cuma
621 1981 664 2045 ut
680 1970 722 2061 Ο,
740 1985 813 2046 ete.
831 1972 925 2045 nihil
940 1971 1054 2046 valet.

507 2242 759 2297 PROPOSITIO
781 2244 874 2296 vm.

217 2372 508 2463 Contrariorum,
527 2383 706 2472 qautenus
730 2373 925 2448 contrariu
949 2383 1050 2462 aunt,
1070 2399 1206 2474 aggre-

161 2497 306 2583 gatum,
325 2487 536 2585 cequipollet
554 2488 722 2560 erreasui
741 2486 1026 2586 praepollentia:
1054 2513 1206 2588 congru·

165 2601 300 2672 entium
317 2623 417 2688 vero,
434 2600 629 2673 eorundem
645 2624 803 2673 sumnam.

215 2710 323 2785 Falsa
340 2725 407 2787 est.
460 2714 559 2786 Nam
576 2714 791 2786 A-A=o:
817 2713 856 2786 id
878 2724 946 2800 est,
970 2725 1206 2810 aggregatum

166 2850 212 2899 ex
229 2827 435 2915 contrariis,
454 2839 636 2921 quatenus
662 2839 749 2899 sunt
766 2826 965 2914 contraria,
985 2828 1045 2918 (ut
1063 2828 1142 2923 ipse
1158 2828 1206 2899 in·

165 2942 421 3036 terpretatur),
439 2940 577 3036 {equale
597 2952 654 3012 est
671 2940 797 3012 nihilo.
851 2939 954 3012 Idem
974 2942 1119 3037 aequale
1137 2964 1205 3013 esse

166 3053 256 3126 dicit
274 3055 437 3127 excessui
455 3054 715 3150 praepollentia,
734 3054 805 3126 hoo
836 3066 894 3126 est
921 3053 1143 3128 differentiae
1159 3056 1205 3127 in·

165 3182 223 3240 ter
247 3169 479 3243 ÷Aet—A.
532 3167 643 3242 Quod
661 3182 717 3241 est
733 3168 879 3241 falsum.
933 3168 1033 3241 Nam
1052 3193 1137 3242 enm
1154 3193 1205 3264 ag·

164 3295 359 3379 gregatum
390 3281 437 3354 sit
465 3281 567 3367 nihil,
591 3281 701 3354 etiam
733 3281 941 3354 differentia
963 3281 1065 3355 iuter
1092 3284 1206 3357 ruet

164 3396 249 3467 -Α
277 3395 386 3468 debet
418 3418 495 3468 esse
530 3395 632 3466 nihil.
700 3395 811 3469 Quod
846 3407 903 3468 est
931 3395 1093 3469 falsum:
1131 3419 1207 3469 nam

165 3509 374 3581 differentia
403 3508 499 3580 iuter
520 3508 588 3578 ÷A
607 3520 644 3580 et
661 3509 746 3580 -Α
774 3520 829 3580 est
858 3508 942 3581 aA.
997 3508 1111 3583 Quod
1137 3522 1206 3583 tum

164 3623 307 3723 ratione
322 3620 495 3708 naturali,
514 3632 592 3693 tum
611 3646 633 3693 a
650 3622 932 3694 substractionis
950 3621 1083 3717 regula
1100 3621 1208 3696 mani·

163 3736 299 3808 festum
317 3747 393 3808 est:
431 3735 793 3828 ÷A-(-A)=2A.

214 3849 310 3920 Nam
328 3872 394 3944 per
411 3847 511 3920 illam
530 3849 707 3944 regulam,
726 3863 807 3921 tum
819 3849 929 3943 juxta
941 3848 1208 3945 Oughtredum,

163 3974 244 4034 tum
269 3963 378 4058 juxta
405 3961 523 4034 Clavii
549 3973 587 4034 et
614 3963 780 4035 Harrioti
808 3961 1031 4060 Algebrum,
1059 3975 1104 4038 ut
1133 3964 1210 4037 sula

163 4086 302 4149 structo
320 4077 404 4149 -A
419 4100 463 4148 ex
490 4077 559 4159 ÷A
575 4076 755 4150 habeatur
775 4076 977 4165 residuum,
997 4078 1210 4151 sumendum

162 4204 219 4264 est
247 4203 491 4288 aggregatum
521 4191 782 4286 quantitatum,
810 4188 925 4286 (quod
953 4190 1135 4266 hocloco
1161 4200 1211 4264 est

161 4317 184 4379 2
203 4305 269 4398 A),
284 4316 322 4376 et
340 4302 604 4399 praefigendum
621 4304 767 4400 signum
789 4330 835 4388 4.
888 4302 1113 4379 Differentia
1130 4326 1211 4400 ergo

162 4420 233 4493 erit
258 4444 287 4502 ÷
312 4419 383 4492 2Α.
435 4415 539 4489 Idem
574 4417 739 4490 ostendit
769 4416 864 4489 ratio
899 4418 1095 4492 naturalis.
1151 4419 1212 4491 Est

162 4533 260 4607 enim
278 4534 312 4606 A
329 4533 447 4627 major
478 4554 587 4627 quam
615 4530 708 4603 nihil
727 4529 936 4627 quantitate
952 4531 1000 4621 A,
1030 4544 1071 4607 et
1094 4553 1212 4608 rursus
