2656 5136
412 665 746 719 ncennsrnsrron.
1032 651 1107 717 383

65 832 290 898 Absurdumve
305 832 433 918 aliquod
448 843 608 899 sustentat
622 834 739 919 dogma
752 831 895 908 bifurcis,

108 932 205 997 Unde
220 944 352 1018 stupens
366 932 492 1018 capitur
506 933 563 1018 qui
578 933 643 998 fuit
656 943 731 998 ante
746 942 844 997 catus.
1022 931 1106 995 1270

64 1031 172 1096 Debet
186 1042 219 1096 et
233 1032 273 1096 ad
286 1041 399 1118 gentes
413 1032 605 1119 longinquas
619 1033 759 1108 mittere,
775 1030 892 1096 scitum

110 1129 228 1211 Quales
244 1141 318 1196 sunt
327 1155 337 1208 ;
360 1130 423 1197 illis
439 1131 542 1217 qualis
557 1140 591 1197 et
605 1154 676 1198 esca
687 1131 800 1216 placet.

67 1230 147 1293 Indo
163 1253 310 1314 namque,
328 1229 469 1317 Scythae,
485 1231 651 1315 divisoque
666 1233 743 1296 orbe
757 1229 925 1305 Britanno,

108 1328 170 1392 Est
184 1328 298 1406 anima,
314 1341 348 1395 et
362 1330 481 1395 salvam
496 1353 564 1394 rem
580 1330 670 1415 cupit
684 1352 753 1394 esse
767 1351 866 1394 suam.

65 1427 112 1492 Et
126 1427 161 1491 N
162 1452 241 1493 evus
257 1429 353 1495 Orbis
367 1429 474 1506 habet,
490 1428 667 1515 Tellusque
682 1428 861 1515 Incognita,
876 1426 993 1493 multas

109 1527 144 1591 N
146 1551 182 1593 ec
196 1529 303 1614 nigras
318 1529 449 1606 animas,
464 1553 597 1615 corpora
609 1529 702 1614 nigra
715 1528 800 1594 licet

66 1627 273 1713 Argentique
288 1628 385 1694 habet
399 1628 464 1705 illa,
479 1639 514 1694 et
528 1628 600 1693 flavi
617 1628 720 1693 frusta
735 1626 874 1693 metalli:

111 1727 192 1791 Haec
208 1726 267 1791 sibi
282 1749 323 1791 ne
338 1738 469 1811 pereant
483 1726 574 1812 Papa
587 1750 699 1792 cavere
714 1726 803 1791 solet.

68 1826 158 1907 Quos
173 1836 305 1910 premet,
321 1836 355 1890 et
369 1826 486 1909 quibus
500 1825 688 1912 indulgebit,
705 1824 737 1889 id
752 1835 801 1890 est
815 1825 880 1889 sale
895 1834 1023 1909 sparget

108 1925 215 2010 Reges
230 1934 264 1988 et
277 1947 430 2009 proceres,
446 1924 623 2009 abjicietve,
639 1934 752 2010 putat:
1027 1925 1109 1985 1280

67 2023 114 2088 Et
129 2047 207 2107 quos
221 2033 294 2108 post
308 2033 443 2087 mortem
458 2022 529 2108 (sed
544 2023 640 2109 longo
656 2022 813 2108 ternpore)
828 2021 922 2086 Divis

111 2122 219 2187 Debet
233 2132 370 2187 sacratos
384 2123 591 2188 adnumerare
605 2121 679 2186 suis.

70 2227 121 2292 Ut
135 2225 199 2290 sale
214 2225 330 2303 durati,
345 2226 463 2291 durant
477 2225 511 2290 hi
526 2224 671 2311 pluribus
686 2223 788 2300 annis,

112 2325 189 2390 Non
205 2348 320 2412 magno
335 2325 437 2410 pretio
452 2348 532 2410 quos
547 2324 608 2390 sibi
622 2346 743 2410 pauper
757 2333 852 2389 emat.

69 2425 228 2510 Denique,
241 2425 325 2509 quod
340 2423 478 2510 primurn
493 2435 552 2502 est,
567 2424 667 2490 claras
682 2447 747 2490 non
761 2422 897 2511 negligit
912 2422 965 2487 illc

112 2524 218 2601 Natis,
234 2525 387 2610 cognatis,
402 2524 559 2590 aedificare
573 2546 668 2590 casas.

69 2624 184 2689 Plures
199 2623 393 2689 Pontificum
408 2634 483 2689 sunt
498 2646 602 2689 curae:
626 2646 707 2708 quas
720 2644 888 2687 numerare

112 2723 251 2789 Difficile
266 2733 325 2801 est,
340 2734 478 2789 mentem
495 2724 528 2788 ni
539 2726 633 2809 juvet
647 2722 724 2789 ordo
738 2745 852 2787 meam.

70 2824 164 2890 Ostia
178 2825 233 2890 sed
247 2826 329 2890 fusci
345 2826 435 2891 stabo
450 2824 669 2911 Polyphemus
683 2824 724 2888 ad
738 2823 842 2888 antri:

114 2922 228 3006 thue
243 2923 327 2988 foras
341 2923 454 3000 tendit,
471 2946 632 3007 quemque
645 2925 764 2988 notabo
778 2921 895 2986 dolum.
1030 2923 1112 2985 1290

71 3023 137 3087 Sec.
160 3021 234 3087 Hac
248 3021 382 3085 nimium
399 3044 508 3088 vereor
521 3044 562 3087 ne
577 3022 620 3087 sit
633 3022 773 3087 narratio
788 3021 902 3108 longa:

114 3120 218 3185 Fraus
232 3119 338 3206 potuit
352 3120 461 3185 doctos
476 3120 564 3184 nulla
577 3120 677 3186 latere
692 3143 790 3186 senes

72 3219 103 3286 O
119 3232 275 3304 quantum
290 3218 411 3283 fraudis
426 3229 592 3284 sexcentos
607 3241 699 3305 posse
713 3240 895 3305 perennes,

115 3320 272 3403 Milleque
286 3320 327 3384 ab
341 3318 478 3405 ingeniis
493 3340 633 3405 surgere,
648 3317 760 3395 credis,
775 3317 877 3403 opus?

72 3419 215 3505 Tempus
230 3418 320 3484 adest
334 3441 439 3495 coena,
455 3441 560 3483 serum
576 3427 626 3483 est
640 3438 824 3503 percurrere
837 3425 972 3482 cuncta:

115 3518 274 3595 Crastina,
290 3518 317 3583 si
334 3516 384 3584 ris
399 3527 446 3595 tu,
461 3516 554 3582 finiet
567 3516 623 3581 illa
636 3516 712 3582 dies.

72 3621 132 3683 Pr.
149 3618 226 3684 Non
237 3640 343 3683 serum
353 3627 586 3694 est,meusecee
595 3617 698 3682 bonus
708 3613 940 3682 Chronometra
950 3614 1028 3700 quid
1039 3614 1161 3701 inquit:

115 3718 253 3784 Praecise
268 3727 390 3784 sextam
405 3715 633 3800 dimidiamque
647 3725 747 3781 notat-

75 3818 217 3903 Septima
231 3816 368 3883 sermoni
384 3816 480 3881 finem
495 3815 593 3881 saciet
606 3825 684 3880 nota
697 3825 816 3892 nostro,

117 3916 194 3982 Otia
208 3939 248 3982 ne
263 3940 328 3982 non
342 3915 398 3982 det
412 3915 551 3982 crastina
564 3914 648 3981 forte
663 3914 741 3980 dies.
972 3974 980 3985 ,
1031 3918 1116 3978 1300

74 4016 198 4080 Praeter
211 4014 236 4080 J
238 4016 352 4092 udaeos,
369 4015 492 4082 Gentes
507 4015 592 4081 idola
605 4015 752 4080 colebant

118 4115 248 4192 Omnes,
264 4125 298 4180 et
312 4115 457 4180 domibus
471 4115 564 4200 plura
584 4114 723 4180 habuere
737 4113 813 4179 suis.

75 4214 187 4278 Aurea
201 4212 354 4278 divitibus
369 4215 497 4278 stabant
510 4224 544 4278 et
557 4215 679 4278 eburna
693 4213 824 4290 sacellis,

118 4312 193 4376 Aut
207 4335 247 4377 ex
262 4321 403 4398 argento,
419 4323 476 4376 aut
489 4334 553 4376 aere
568 4310 792 4378 Corinthiaco:

75 4411 149 4475 Aut
163 4413 268 4476 stabat
283 4410 397 4475 summi
412 4410 527 4474 Parius
541 4409 621 4495 lapis
634 4421 703 4476 arte
714 4409 858 4495 magistri

117 4510 244 4576 Faetus
291 4508 461 4575 Materiam
476 4531 549 4574 nam
565 4511 734 4595 superabat
748 4530 836 4593 opus

74 4610 246 4698 Ingenium
261 4609 395 4687 nullum,
411 4607 518 4695 potuit
532 4608 681 4675 facundia
696 4607 785 4674 nulla
