2656 5136
118 647 194 715 ³14
536 657 754 712 russato

118 827 299 925 praeteriti
315 827 452 902 dicitur
468 827 719 926 experientia,
735 838 909 924 respectu
923 825 1049 901 futuri
1066 850 1179 902 roes·

118 954 181 1013 tur
207 941 439 1038 expectatio:
465 951 510 1014 ut
531 940 581 1013 sit
607 940 827 1015 multimodo
856 940 1095 1036 experientia
1118 964 1179 1016 ses

118 1053 247 1126 eadem
265 1078 349 1127 eum
360 1051 580 1151 prudentio,
594 1053 671 1128 sive
687 1053 804 1128 futuri
821 1053 1074 1151 providentia,
1091 1078 1179 1152 quae

116 1166 197 1240 sine
222 1165 451 1262 experientia
476 1165 579 1239 nulla
607 1179 676 1240 est.
728 1167 830 1240 Hinc
853 1166 1006 1263 ingenio
1033 1168 1179 1243 celeres

117 1280 204 1377 qui*
223 1280 305 1375 plus
322 1280 462 1354 habent
479 1272 730 1376 experientia,
747 1280 1021 1377 prudentiores.

169 1392 244 1467 Qui
261 1416 349 1466 vero
374 1392 655 1467 similitudinem
675 1393 949 1467 consecutionis
966 1403 1179 1469 eventuum

118 1506 362 1580 observarunt
395 1518 435 1580 et
469 1506 730 1593 meminerunt,
761 1506 901 1581 habent
934 1530 1179 1604 consequens

119 1619 386 1711 antecedentis,
401 1632 440 1693 et
449 1621 531 1695 vice
543 1643 662 1707 versa,
672 1619 896 1694 antecedens
908 1621 1178 1717 consequentis

118 1732 279 1830 signum.
332 1733 441 1808 Unde
464 1732 583 1807 futuri
604 1744 643 1807 et
667 1733 847 1830 praeteriti
871 1757 919 1807 ex
941 1733 1031 1807 solis
1055 1734 1179 1832 signis

120 1846 162 1918 fit
178 1847 409 1941 conjecturo:
436 1857 475 1920 et
491 1869 612 1920 causa
625 1869 670 1919 ac
687 1847 853 1935 effectus,
871 1846 919 1921 ob
937 1869 1179 1943 consequen-

118 1957 208 2030 tiam
226 1957 335 2031 unius
351 1957 400 2031 ad
416 1958 587 2047 alterum,
605 1969 693 2031 sunt
713 1957 875 2054 expertis
899 1957 1009 2055 signa
1025 1972 1177 2035 mutua.

169 2069 263 2143 Cum
280 2082 405 2146 autem
419 2072 575 2146 duarum
592 2094 717 2145 rerum
733 2072 772 2145 in
791 2070 960 2146 sensione
976 2086 1180 2169 percepta·

118 2205 202 2255 rum
228 2183 474 2259 differentiam
500 2183 758 2281 imaginamur,
776 2182 840 2257 illa
864 2184 1099 2279 comparatio
1116 2197 1180 2262 est

119 2294 307 2370 discursus
324 2297 491 2370 initium:
508 2319 590 2393 qua
605 2296 688 2370 fieri
703 2296 834 2394 nequit
845 2319 986 2371 cumea
997 2297 1179 2374 claritate

118 2433 191 2505 qua
204 2409 418 2483 ratiocinari
430 2409 601 2496 solemus,
610 2408 683 2483 nisi
697 2408 1179 2505 quidamfixicharacteres

117 2549 142 2598 a
158 2522 265 2596 nobis
280 2522 454 2617 figantur,
473 2545 631 2617 quorum
657 2545 728 2618 ope
752 2521 949 2618 praesentia
966 2546 1052 2595 cum
1077 2548 1177 2619 prae·

118 2636 239 2710 teritis
256 2646 537 2708 connectamus:
556 2657 648 2730 quos
666 2635 898 2708 characteres
914 2635 1063 2708 oomiao
1079 2636 1179 2711 diei-

120 2772 214 2837 mus,
232 2771 315 2844 quae
332 2771 400 2822 nos
413 2749 547 2844 juvant
563 2746 612 2821 ad
629 2771 758 2821 causas
775 2772 900 2821 rerum
917 2749 1177 2844 inspiciendas

119 2873 185 2935 aut
201 2860 488 2957 investigandas.
524 2860 722 2934 Quomodo
736 2863 833 2934 enim
851 2885 923 2949 res,
938 2873 1002 2934 aut
1019 2862 1178 2939 illarum

119 2974 378 3071 phantasmata
394 2987 709 3071 compararentur,
727 2974 799 3048 nisi
821 2973 1040 3071 quibusdam
1057 3001 1178 3051 voca-

120 3088 227 3177 bulis,
253 3086 367 3160 veluti
390 3088 551 3177 tesseriS,
577 3088 616 3160 in
639 3088 855 3161 memoriam
881 3093 1175 3165 revocarentur?

122 3202 265 3276 Quibus
296 3224 381 3273 cum
410 3200 539 3275 bestiae
573 3212 735 3289 careant,
770 3200 968 3296 plurimum
1002 3225 1025 3272 a
1060 3205 1177 3280 nobis

119 3315 314 3389 recedunt:
342 3315 477 3411 quippe
504 3339 579 3387 non
603 3314 836 3410 distinguunt
861 3339 919 3387 res
945 3339 967 3387 a
990 3315 1177 3410 phantas-

119 3429 292 3519 matibus,
319 3451 388 3501 nec
413 3427 489 3501 ulla
514 3428 703 3523 voluptate
732 3439 977 3525 praeterquam
1005 3433 1176 3507 sensuali

118 3541 304 3615 fruuntur.

170 3655 252 3727 Vox
281 3655 407 3750 itaque
434 3654 597 3727 humana
627 3677 738 3750 quam
772 3653 881 3726 rebus
911 3653 1174 3749 significandis

120 3768 353 3862 imponimus,
374 3765 529 3839 eandem
547 3767 585 3837 in
603 3766 709 3838 nobis
735 3766 1035 3861 imaginationem
1054 3791 1173 3863 quam

119 3882 200 3976 ipsa
218 3904 275 3953 res
298 3892 463 3976 generat.
518 3878 755 3975 Quapropter
780 3903 1007 3975 quaecunque
1032 3881 1173 3954 similia

119 4008 217 4083 sunt,
231 4015 368 4066 nomen
381 3991 529 4089 aliquod
542 4015 736 4063 commune
753 3993 876 4065 sortiri
890 3992 1043 4064 debent:
1063 3995 1172 4086 quod

118 4119 316 4205 propterea
343 4104 478 4177 dieitur
501 4103 723 4189 universale,
749 4104 835 4178 licet
859 4129 917 4177 res
947 4104 1171 4199 significatae

119 4222 193 4296 sint
209 4217 461 4316 particulares,
479 4228 522 4289 nt
549 4241 634 4290 cum
651 4215 774 4290 olbam
800 4230 875 4291 tam
901 4218 946 4290 de
964 4242 1033 4290 ovo
1053 4243 1168 4313 quam

596 4518 613 4551 '⁶
630 4515 688 4576 Sic.
