2656 5136
166 621 215 693 80
327 637 552 693 uocruruu
570 636 845 693 wunnrsrsua
864 638 919 693 nn
938 638 1061 695 uoru

0 828 148 872 axxvrn.
162 805 290 899 antur)
306 806 437 880 eodem
454 818 623 904 tempore
636 829 744 880 arcus
754 805 928 905 aequales,
938 804 997 879 sin
1011 803 1201 901 nequalia

162 917 383 1015 inaequales;
401 919 558 1016 ideoque
574 919 768 993 brachium
785 921 907 994 minus
923 918 1083 1008 tardius,
1098 920 1203 1017 majus

162 1030 329 1120 celerius,
345 1033 554 1106 movebitur
570 1031 609 1105 in
626 1032 772 1107 ratione
785 1033 950 1130 ipsorum
966 1032 1202 1107 brachiorum

213 1144 398 1235 Secundo,
415 1145 515 1243 quod
542 1145 698 1241 pondus,
726 1157 769 1219 ut
791 1143 1062 1241 wopandans
1087 1168 1111 1219 a
1132 1146 1203 1220 bru·

162 1257 246 1331 chio
269 1283 344 1331 uno
373 1257 421 1330 ad
449 1258 664 1332 distantiam
691 1282 716 1333 a
741 1270 873 1334 centro
895 1258 1001 1332 librae
1016 1282 1203 1355 quamcun·

162 1393 248 1467 que,
266 1384 305 1444 et
321 1370 479 1467 pondus,
495 1383 540 1445 ut
561 1381 593 1461 l,
611 1370 779 1468 pendens
795 1396 820 1447 a
840 1372 995 1446 brachio
1021 1370 1142 1447 altero
1164 1371 1203 1445 ad

162 1483 377 1556 distantiam
393 1495 437 1557 ut
454 1492 487 1575 l,
498 1484 553 1558 vis
566 1483 648 1559 haec
666 1492 681 1558 l
699 1495 756 1559 est
767 1485 969 1560 centesima
981 1508 1072 1583 pars
1083 1486 1203 1559 virium

161 1595 327 1670 alterius.
380 1597 446 1670 Sin
462 1595 609 1694 pondus
635 1596 737 1671 idem
756 1606 788 1688 l,
808 1609 1044 1673 removeatur
1068 1598 1118 1673 ad
1141 1598 1202 1671 dis

160 1709 317 1783 tantiam
333 1734 356 1783 a
373 1722 502 1784 centro
513 1710 738 1807 centuplam,
750 1710 902 1786 habebit
911 1712 988 1785 vim
1002 1710 1203 1809 centuplam

160 1835 313 1921 propter
351 1824 638 1921 centuplicatam
676 1824 917 1911 celeritatem,
951 1823 992 1898 id
1033 1838 1106 1915 est,
1139 1824 1202 1899 vin

66 2024 72 2031 ,
161 1937 339 2034 aequalem
357 1938 395 2011 ri
411 1935 586 2034 ponderis
610 1937 771 2034 majoris,
789 1938 947 2035 ideoque
970 1937 1125 2036 maj0ris
1139 1938 1201 2013 viu

162 2052 377 2125 sustinebit:
415 2050 591 2123 nimirum
619 2051 872 2149 unusquisque
905 2050 1043 2125 virium
1077 2050 1203 2149 gradus

160 2163 358 2239 sustinebit
373 2162 549 2260 ponderis
566 2163 717 2261 majoris
727 2176 872 2262 partem
884 2186 1002 2239 snam
1048 2164 1134 2239 lloc
1145 2175 1201 2255 cst,

159 2277 306 2374 pondus
322 2277 444 2350 minus
461 2275 706 2374 multiplicato
723 2289 890 2374 tempore
910 2277 1114 2352 sustinebit
1134 2300 1201 2353 mu·

156 2393 217 2487 jus
238 2403 577 2487 quantumcunque,
608 2404 647 2464 et
670 2400 854 2465 remotum
884 2390 1009 2465 adhuc
1038 2416 1063 2465 a
1086 2404 1201 2466 centro

159 2503 264 2578 librae
277 2502 603 2601 quantulocunque
620 2503 783 2576 movebit
801 2526 957 2576 sursum.
1014 2504 1112 2580 Quae
1128 2528 1201 2602 pro-

159 2617 330 2691 blematis
348 2616 576 2690 constructio
593 2628 651 2688 est
667 2639 735 2712 per
751 2615 896 2688 libram.

208 2732 347 2819 Tertio,
365 2729 465 2803 idem
482 2729 672 2816 efficietur,
691 2729 722 2802 si
738 2728 833 2802 libra
856 2729 1087 2805 sustineatur
1103 2756 1127 2805 a
1141 2729 1201 2804 ful-

160 2866 225 2918 cro
243 2843 342 2941 quod
361 2844 409 2917 sit
424 2841 610 2916 horizonti
626 2841 942 2939 perpendiculare.
996 2844 1097 2918 Nam
1119 2845 1201 2918 libra

158 2979 303 3053 semper
320 2968 387 3047 est,
406 2955 477 3029 etsi
502 2954 613 3051 vulgo
630 2964 784 3028 vocetur
805 2955 932 3045 vectis,
951 2967 991 3029 et
1017 2957 1200 3032 fulcimen-

157 3081 239 3143 tum
256 3068 550 3169 hypomoclrlium
567 3067 784 3164 appellatur.

208 3184 329 3258 Causa
350 3184 460 3278 hujus
478 3181 532 3254 rei
550 3180 702 3277 physica
719 3191 787 3267 est,
805 3179 905 3276 quod
928 3183 1103 3276 potentia
1117 3207 1200 3281 pon·

157 3297 256 3371 deris
272 3296 403 3370 eadem
420 3307 477 3369 est
495 3320 579 3369 cnm
594 3294 785 3367 celeritate
797 3318 870 3391 qua
886 3294 1083 3369 brachium
1095 3297 1200 3384 libra,

155 3410 255 3484 unde
272 3410 422 3506 pendet,
440 3420 565 3481 movet
587 3407 625 3480 in
650 3407 801 3496 circulo,
826 3408 932 3502 eujus
959 3419 1133 3481 centrum
1152 3418 1201 3480 est

158 3536 328 3596 centrum
352 3522 467 3595 librae.
521 3520 596 3594 Sed
623 3544 692 3593 nec
719 3520 814 3593 libra
844 3544 913 3592 nec
939 3521 1059 3595 vectis
1087 3519 1201 3617 magni

157 3637 335 3709 momenti
363 3648 421 3708 est
444 3634 616 3707 machina
643 3632 932 3707 admovendum
959 3634 1129 3730 pondera
1152 3635 1200 3707 in·

155 3749 294 3845 gentia,
313 3748 437 3845 qualia
453 3761 560 3821 erant
576 3770 659 3844 quae
677 3747 793 3820 movit
812 3746 1069 3822 Archimedes.

206 3861 318 3934 Ratio
342 3858 515 3934 movendi
535 3859 572 3932 vi
595 3860 749 3933 minima
773 3859 942 3955 pondera
969 3861 1144 3949 maxima,
1160 3858 1201 3932 ab

155 3999 200 4049 eo
226 3975 407 4070 principio
435 3973 636 4061 derivatur,
655 3972 755 4068 qnod
777 3973 833 4045 vis
860 3984 1053 4069 utcunque
1076 3974 1202 4071 exigna

154 4089 327 4161 effectum
343 4087 457 4160 habet
474 4086 645 4185 aliquem.

205 4203 263 4275 Ab
287 4201 358 4275 hoc
383 4201 566 4296 principio
597 4199 791 4273 manifeste
821 4198 1001 4292 sequitur,
1021 4200 1123 4297 quod
1145 4200 1202 4297 qui

152 4316 298 4414 pondus
314 4314 374 4388 vel
391 4314 548 4404 trahere,
567 4311 627 4385 vel
645 4311 806 4399 trudere,
823 4311 883 4385 vel
907 4334 1057 4385 sursum
1079 4315 1203 4388 tollere

152 4428 380 4527 aggreditur,
399 4439 536 4501 conatu
553 4426 675 4523 primo
693 4449 914 4522 quamquam
942 4424 1015 4497 levi
1043 4427 1202 4525 aliquan·

152 4558 232 4620 turn
254 4542 413 4641 proficit,
438 4554 476 4615 et
502 4551 640 4616 conatu
667 4550 937 4637 perseverante,
956 4539 995 4613 id
1020 4544 1123 4636 quod
1145 4567 1200 4638 ag·
