2656 5136
240 637 313 702 246
539 646 779 705 'issemus
799 646 990 701 onulcus

56 844 134 885 uuor.
150 844 213 884 xiv.
238 815 542 913 perpendiculum
564 814 637 904 BP,
654 814 712 888 vel
734 823 876 903 contro,
895 823 938 887 ut
962 811 1046 886 ΒΚ.
1099 809 1146 885 In
1169 807 1279 884 modis

58 914 363 1003 *flantem
388 926 585 1001 latitudine
612 927 707 1001 radii
736 926 842 1001 DBK
871 926 975 1019 (nam
1005 932 1201 999 ostensum
1229 934 1279 998 est

239 1065 387 1115 omnem
416 1040 562 1115 radium
584 1040 721 1115 habere
749 1038 999 1132 latitudinem)
1032 1038 1279 1113 consideretur

238 1154 336 1227 linea
371 1154 632 1228 mathematica
666 1153 784 1244 DBK,
816 1153 870 1227 ita
898 1166 943 1227 ut
971 1152 1004 1227 Β
1031 1150 1279 1227 consideretur

239 1291 382 1364 quoque
396 1277 438 1340 ut
454 1277 634 1364 punctum
647 1278 853 1342 contactus.
903 1266 989 1341 Jom
1005 1264 1279 1340 siobsoindntur

239 1403 261 1453 a
278 1380 412 1469 medio,
432 1379 530 1477 quod
547 1392 604 1455 est
621 1379 718 1455 infra
739 1380 816 1469 FG,
836 1402 923 1478 psus
939 1378 1005 1454 illa
1019 1403 1108 1478 qnae
1123 1377 1279 1455 oontino-

240 1508 302 1566 tur
335 1494 434 1567 inter
466 1493 617 1591 planum
651 1494 713 1568 FG
746 1504 784 1567 et
816 1492 1053 1590 superficiem
1086 1514 1278 1567 convexun

239 1608 352 1696 ΑΒΘ,
371 1606 603 1681 manifestum
621 1617 676 1680 est
693 1631 769 1680 non
791 1606 874 1680 ideo
891 1604 1029 1679 mutari
1046 1604 1163 1679 situm
1178 1616 1279 1679 roetae

241 1721 329 1795 BK:
358 1744 444 1793 nam
467 1733 647 1816 punctum
672 1719 703 1793 B
728 1742 805 1794 non
833 1718 989 1809 tollitur,
1005 1741 1095 1791 oum
1121 1717 1173 1793 sit
1192 1742 1279 1792 oon·

240 1858 351 1907 mune
376 1833 542 1929 utrisque
563 1833 662 1908 ABG
689 1858 812 1909 ourvae
841 1845 881 1909 et
908 1831 1005 1907 FBG
1029 1842 1162 1907 reotoe.
1207 1828 1278 1905 urit

241 1961 366 2022 tamen
383 1946 544 2020 medium
557 1946 658 2042 quod
670 1957 728 2020 est
743 1945 841 2020 infru
855 1944 954 2019 ABC
973 1943 1166 2019 diversum
1181 1942 1227 2019 ub
1240 1966 1278 2017 oo

241 2060 339 2158 quod
356 2073 414 2133 est
440 2083 571 2156 supra3
599 2083 712 2156 quare
738 2059 833 2133 radii
859 2056 1060 2133 incidentis
1076 2055 1278 2156 obliqnoin

239 2173 401 2247 medium
432 2170 617 2246 diversum
647 2174 752 2270 cujus
780 2170 994 2268 superficies
1022 2181 1083 2245 est
1112 2193 1275 2258 convexa,

239 2286 412 2360 refractio
440 2285 570 2360 eudem
589 2298 646 2361 est
667 2310 712 2361 ao
738 2286 769 2359 si
790 2284 982 2359 incidisset
1006 2283 1049 2358 in
1074 2294 1276 2359 oontsotun

239 2400 359 2496 planae
397 2398 603 2495 superficiei
635 2399 753 2494 ipsam
786 2421 989 2471 convexam
1024 2398 1273 2495 contingentis.

240 2511 381 2584 Rursus
398 2511 429 2582 si
446 2510 494 2583 ad
511 2510 672 2584 medium
691 2510 790 2608 quod
809 2521 865 2583 est
881 2509 978 2582 infru
992 2510 1100 2600 FBG,
1112 2510 1273 2607 adjeceris

240 2623 351 2695 medii
374 2623 538 2718 ejusdem
564 2625 709 2720 generis
739 2633 916 2719 quantum
945 2621 1101 2719 impleut
1130 2622 1272 2720 spatium

241 2735 340 2832 quod
358 2738 569 2812 continetur
586 2738 684 2811 inter
702 2736 764 2809 FG
789 2736 940 2833 planum
962 2749 1001 2809 et
1028 2734 1140 2810 LBM
1157 2759 1270 2811 conou-

240 2875 323 2922 vam
341 2853 592 2946 superficiem:
620 2851 854 2923 manifestum
872 2862 940 2938 est,
958 2874 1034 2923 non
1050 2851 1137 2925 ideo
1154 2845 1269 2923 mutan·

241 2963 351 3037 situm
369 2978 480 3039 reotae
499 2966 580 3055 ΒΚ,
598 2967 684 3062 quis
700 2977 879 3060 punctum
899 2964 930 3035 B
947 2976 1004 3036 est
1021 2965 1061 3036 in
1079 2964 1161 3061 ipso
1177 2963 1267 3061 plano

241 3078 335 3151 FBG
358 3103 432 3151 non
456 3078 576 3150 minus
604 3101 715 3174 quam
732 3077 769 3149 in
797 3102 959 3151 concavo
978 3078 1108 3150 LBM:
1135 3077 1203 3151 erit
1224 3086 1267 3148 ta-

242 3216 325 3264 men
345 3192 506 3263 medium
523 3189 622 3287 quod
640 3202 694 3263 est
722 3190 819 3262 infra
835 3189 940 3263 LBM
966 3189 1153 3263 diversum
1178 3189 1220 3262 ab
1233 3209 1265 3258 eo

243 3304 342 3401 quod
359 3317 415 3377 est
431 3327 552 3398 supra.
607 3302 732 3377 Quare
750 3302 844 3376 radii
862 3301 1061 3376 incidentis
1079 3304 1219 3400 oblique
1235 3300 1263 3372 iu

242 3418 404 3490 medium
435 3416 619 3488 diuersum
654 3417 758 3512 cujus
786 3416 998 3512 superficies
1031 3430 1089 3490 est
1115 3435 1263 3497 concaua,

241 3531 414 3604 refractio
431 3529 559 3602 eadem
581 3541 636 3602 est
661 3553 703 3602 ao
731 3529 762 3602 si
789 3529 977 3603 incidisset
1007 3530 1048 3603 in
1075 3539 1263 3604 contactum

242 3644 360 3739 planae
394 3643 600 3738 superficiei
639 3643 756 3738 ipsam
790 3666 990 3716 concavam
1025 3638 1262 3737 contingentis.

243 3756 371 3852 Itaque
385 3755 478 3828 radii
496 3755 691 3828 incidentis
708 3754 854 3850 oblique
868 3755 906 3828 in
925 3754 1089 3829 medium
1103 3755 1262 3829 diversum

244 3868 348 3963 eujus
364 3868 573 3964 superficies
591 3877 647 3940 est
672 3891 786 3940 curva
801 3879 873 3941 etc.
925 3867 1040 3943 Quod
1057 3880 1114 3943 est
1136 3868 1260 3943 demon-

244 3981 447 4054 strandum.

296 4325 422 4398 Habes
443 4325 521 4419 jam
538 4323 755 4398 sententiam
775 4346 895 4396 meum
912 4322 958 4397 de
981 4334 1116 4397 nutura
1140 4319 1258 4395 lucisst

245 4439 537 4529 refractionibus,
556 4438 595 4511 in
612 4463 685 4534 qus
700 4437 938 4512 continentur
963 4437 1144 4514 elementa
1165 4432 1256 4532 prins
