2692 4792
186 278 234 342 46
438 292 635 343 ausurum
658 289 980 343 oaounrutcuu.

3 490 7 501 ·
72 509 79 524 ·
129 485 159 525 x.
187 471 245 532 est
261 458 404 532 duabus
426 459 565 555 quintis
588 482 695 532 arcus
715 457 967 555 quadrantalis
990 457 1167 553 descripti
1184 458 1228 530 ab

1 617 128 654 „mam
187 571 271 645 AB:
299 570 557 667 ducanturque
587 573 660 661 FG,
688 569 762 647 GC.
834 571 990 660 Deinde,
1021 571 1139 645 divisa
1171 569 1230 646 CF

59 675 160 786 Ἢ
187 684 355 759 bifariam
372 685 411 759 in
429 683 454 774 l,
469 696 597 758 centro
610 683 628 757 l
638 685 743 757 radio
761 684 808 758 lF
820 685 1049 758 describatur
1067 684 1231 757 semicir-

187 798 291 871 culus
318 822 385 893 per
412 798 441 870 F
468 810 508 872 et
534 798 578 889 G,
603 798 666 895 qui
696 799 867 872 transibit
890 823 957 895 per
975 796 1021 873 O:
1049 797 1153 894 quod
1179 799 1231 871 sic

187 909 355 983 ostendo

238 1023 356 1096 Recta
374 1022 451 1113 AC,
467 1025 570 1119 cujus
588 1023 808 1119 quadratum
822 1033 877 1096 est
890 1022 1124 1120 quintuplum
1143 1047 1231 1120 qua·

188 1136 285 1211 drati
317 1136 394 1226 BC,
425 1149 482 1210 est
511 1137 633 1209 media
661 1137 945 1233 proportionalis
975 1137 1075 1209 inter
1104 1160 1232 1210 arcum

188 1249 469 1346 quadrantalem
486 1247 710 1345 descriptum
728 1251 775 1322 ab
788 1250 855 1322 AB
868 1262 907 1322 et
924 1251 1003 1344 ejus
1020 1248 1232 1322 dimidium:

186 1374 229 1435 ut
247 1373 434 1435 ostensum
447 1374 505 1435 est
521 1361 569 1434 ad
586 1385 690 1456 prop.
702 1362 750 1434 vi.
786 1363 917 1456 ltaque
931 1363 992 1434 ΟΕ
1006 1363 1159 1458 aequalis
1177 1374 1234 1436 cst

187 1473 340 1548 dimidio
364 1474 465 1547 arcui
490 1474 723 1570 quadrantali
752 1474 937 1571 descripto
960 1476 1006 1547 ab
1031 1473 1119 1547 AB:
1146 1499 1232 1549 nam

185 1601 340 1684 propter
357 1589 532 1684 angulum
549 1600 692 1661 rectum
709 1588 757 1660 ad
775 1590 818 1677 E,
830 1588 891 1662 OE
909 1601 966 1661 est
990 1586 1113 1661 media
1135 1589 1234 1662 inter

186 1702 313 1775 ambas
331 1701 408 1790 ΟΕ,
422 1701 500 1791 ΕΑ,
519 1714 699 1775 eteorum
717 1702 907 1775 utramvis.
953 1701 1078 1776 Quare
1097 1700 1161 1774 BF
1178 1715 1234 1776 est

186 1815 339 1912 aequalis
352 1814 503 1888 dimidio
516 1839 623 1888 arcus
637 1815 887 1912 quadrantalis
899 1815 1072 1912 descripti
1087 1817 1135 1888 ab
1152 1813 1232 1889 AB.

187 1930 254 2001 Est
270 1940 392 2002 autem
412 1926 478 2004 BG
495 1928 543 2000 ad
560 1927 622 2001 BF
642 1940 680 2002 et
702 1941 819 2002 totam
838 1926 906 2001 AB
924 1929 1126 2002 iuratione
1144 1952 1234 2002 con-

186 2043 302 2129 tinua,
321 2041 443 2130 tertia,
460 2065 526 2137 per
543 2065 650 2138 prop.
670 2042 732 2115 vii.
785 2041 970 2116 Quoniam
991 2041 1108 2136 igitur
1125 2065 1232 2115 arcus

186 2153 438 2250 quadrantalis
465 2155 512 2227 ab
530 2153 610 2243 AB,
638 2156 718 2250 ipsa
736 2153 817 2242 AB,
844 2153 928 2228 duae
954 2154 1095 2250 quintae
1125 2178 1232 2229 arcus

186 2266 436 2364 quadrantalis
453 2269 499 2340 ab
518 2266 598 2357 AB,
617 2281 703 2341 sunt
726 2268 900 2342 continue
925 2268 1228 2364 proportionales,

132 2375 135 2379 ’
186 2382 258 2454 erit
274 2391 318 2452 ut
336 2379 419 2453 duae
436 2381 575 2476 quintae
599 2404 706 2453 arcus
724 2381 974 2477 quadrantalis
988 2382 1035 2453 ab
1054 2378 1136 2471 AB,
1157 2382 1230 2455 sive

185 2505 287 2566 recta
313 2492 381 2583 Ble,
407 2493 455 2566 ad
480 2493 669 2566 dimidiam
693 2493 773 2582 AB,
800 2495 852 2567 ita
869 2492 937 2567 AB
963 2494 1011 2566 ad
1037 2494 1229 2568 dimidium

185 2630 314 2679 arcum
335 2606 614 2702 quadrantalem
642 2608 688 2680 ab
706 2605 788 2680 AB.
839 2608 905 2680 Est
928 2631 1016 2703 ergo
1034 2619 1079 2681 ut
1096 2607 1167 2681 AB
1184 2607 1229 2681 ad

185 2719 261 2809 BF,
279 2721 333 2793 ita
349 2720 417 2794 DG
435 2719 482 2791 ad
499 2717 574 2793 Bo.

235 2834 279 2906 In
306 2858 396 2907 arcu
414 2831 513 2907 ABG
540 2832 746 2930 applicetur
768 2857 791 2905 a
813 2844 952 2927 puncto
971 2831 1007 2905 A
1024 2843 1127 2907 recta
1144 2832 1228 2923 AH,

184 2947 336 3044 aequalis
351 2945 428 3019 BC.
463 2947 583 3020 Erunt
596 2970 685 3042 ergo
699 2943 780 3034 AB,
796 2944 867 3017 CH
882 2945 1052 3041 aequales,
1064 2956 1104 3018 et
1119 2970 1229 3043 prop-

184 3072 286 3134 terea
304 3082 411 3134 arcus
430 3059 512 3141 HE,
530 3058 607 3145 ΕΒ,
626 3058 703 3132 sive
720 3056 846 3154 anguli
865 3057 977 3146 HCE,
989 3056 1093 3147 ECF,
1108 3083 1230 3155 aequa·

185 3173 259 3245 les:
287 3183 324 3246 et
351 3183 465 3245 rectae
488 3170 569 3260 HF,
595 3169 671 3259 BF,
695 3172 785 3244 item
810 3170 881 3259 CF,
903 3171 966 3243 AF
992 3171 1170 3266 aequales:
1194 3182 1230 3245 et

185 3285 254 3358 DE
273 3285 456 3382 producta
473 3283 613 3356 dividet
630 3284 807 3380 angulum
824 3284 918 3357 Aac
935 3283 1117 3358 bifariam.

236 3399 379 3473 Similia
396 3422 485 3493 ergo
503 3406 591 3470 sunt
610 3398 796 3494 triangula
812 3395 926 3483 ΑΒΒ,
944 3395 1051 3473 GBC.
1106 3398 1229 3474 Quare

185 3512 312 3607 anguli
329 3508 438 3600 Bac,
457 3508 558 3583 BAF
576 3522 663 3584 sunt
680 3511 851 3609 aequales,
870 3511 959 3584 item
976 3513 1103 3607 anguli
1121 3509 1228 3601 BCG,

185 3623 249 3697 BF
251 3624 287 3698 A
305 3624 475 3721 aequales.
526 3625 575 3697 Et
590 3637 743 3722 propter
759 3624 936 3721 angulum
953 3624 1057 3698 CHA
1075 3637 1240 3715 rectum,⁴

185 3751 224 3812 et
254 3738 322 3812 CH
351 3738 532 3833 aequalem
562 3737 643 3826 AB,
674 3738 858 3835 triangula
885 3732 998 3828 ABF,
1023 3735 1123 3815 FBG
1146 3750 1231 3813 sunt

185 3853 320 3926 similia
336 3862 374 3925 et
391 3852 557 3947 aequalia.
593 3850 694 3946 Ergo
708 3851 866 3947 aequales
882 3851 981 3925 inter
993 3875 1033 3925 se
1046 3864 1136 3927 sunt
1152 3865 1230 3927 tum

186 3963 262 4055 BF,
281 3965 359 4055 GC,
377 3975 457 4038 tum
476 3963 547 4037 CH
571 3963 663 4056 (sive
681 3960 766 4056 AB)
787 3975 825 4036 et
842 3963 914 4036 FG.

236 4080 285 4153 Et
305 4079 424 4152 divisa
447 4078 515 4152 AG
536 4076 707 4150 bifariam
730 4077 769 4150 in
792 4076 828 4166 h,
847 4088 976 4150 centro
994 4075 1030 4168 h,
1048 4077 1154 4154 radio
1170 4076 1228 4153 hl

186 4192 392 4291 descriptus
409 4190 661 4268 semicirculus
678 4190 850 4269 transibit
866 4214 932 4287 per
949 4191 989 4264 F.
