2692 4792
81 275 128 338 94
538 292 764 342 nnmvnmo.

130 461 351 535 Admirabar
361 486 430 558 ego
449 464 721 559 propositiones
740 463 919 537 Hobbesii
936 474 993 536 tot
1011 473 1142 536 ettam
1159 464 1216 537 dif-

79 581 216 653 ficiles:
236 581 353 675 magis
367 592 491 653 autem
508 582 749 677 pertinaciam
767 583 857 677 ejus,
872 581 974 675 quod
991 593 1125 655 contra
1142 607 1217 678 geo·

79 708 279 770 metrorum
296 699 406 793 hujus
424 699 537 771 seculi
561 700 729 788 aestum*,
753 711 865 795 atque
889 699 1002 771 etiam
1027 699 1220 796 aliquando

81 827 212 888 contra
228 814 420 888 Euclidem
446 828 484 887 et
511 814 732 911 interpretes
757 818 848 911 ejuS,
877 815 916 888 id
942 829 999 889 est
1024 817 1126 912 ipsos
1143 841 1221 912 geo·

82 931 225 1004 metriae
252 942 389 1026 patres,
418 931 643 1003 contendere
668 957 743 1005 non
774 932 971 1006 desineret.
1024 934 1082 1007 Ex
1115 935 1222 1007 altera

80 1058 198 1142 parte,
212 1071 287 1119 non
313 1047 434 1119 minus
454 1047 662 1119 admirabar
682 1056 782 1137 (curn
800 1047 926 1120 multis
944 1048 1041 1140 aliis)
1064 1050 1222 1146 ejusdem

80 1164 119 1236 in
137 1162 389 1237 doctrinarum
413 1165 611 1259 generibus
629 1165 710 1237 aliis
733 1176 813 1237 tum
832 1165 1018 1237 rationum
1041 1167 1131 1252 vim,
1150 1181 1222 1240 tum

81 1280 254 1353 dictionis
272 1280 583 1376 perspicuitatem.
637 1280 807 1376 Cogitavi
833 1305 921 1377 ergo
942 1282 1023 1354 fieri
1047 1307 1170 1378 posse,
1187 1297 1223 1357 ut

79 1396 214 1470 viderit
241 1397 300 1468 ille
324 1397 361 1468 in
388 1397 578 1492 principiis
602 1397 760 1492 receptis
782 1396 921 1492 aliquid
939 1398 1061 1471 minus
1079 1423 1222 1473 accura-

78 1525 159 1586 tum
178 1538 287 1610 quam
306 1513 508 1609 opportuit,
528 1511 698 1608 quodque
716 1512 871 1584 aliorum
897 1511 1046 1607 fugerat
1073 1512 1221 1612 diligen·

79 1630 182 1703 tiam.
234 1632 363 1726 ltaque
382 1655 465 1703 cum
485 1631 599 1726 ipsius
620 1643 699 1702 tum
717 1629 874 1702 Wallisii
892 1630 1221 1706 demonstrationes

79 1760 256 1845 quantum
271 1773 416 1845 possem
429 1748 573 1821 decrevi
589 1748 785 1844 diligenter
798 1746 921 1842 legere
932 1759 971 1820 et
983 1749 1220 1847 perpendere.

79 1865 181 1963 Legi,
210 1866 426 1954 examinavi,
453 1865 627 1961 judicavi,
659 1879 697 1939 et
722 1863 903 1960 judicium
936 1867 1113 1962 publico:
1150 1868 1221 1964 ipse

78 1980 196 2055 libens
214 1983 369 2055 aliorum
387 1983 551 2055 omnium
570 1982 633 2078 qui
659 1981 931 2055 mathematicae
957 1983 1084 2057 studio
1110 1983 1219 2058 deleo·

79 2110 218 2188 tantur,
232 2099 414 2195 judicium
432 2100 631 2173 subiturus.

528 2333 780 2386 MANIFESTA.

130 2488 159 2539 1.
193 2465 307 2538 Unum
326 2478 382 2541 est
399 2491 476 2557 ens,
495 2469 571 2541 sive
589 2493 648 2542 res
666 2494 907 2566 quaecunque,
930 2494 1019 2544 vera
1044 2473 1105 2545 vel
1126 2474 1220 2560 ficta,

79 2595 259 2678 quatenus
276 2597 512 2681 comparatur
529 2610 613 2658 cum
629 2586 807 2682 pluribus,
821 2586 880 2659 vel
897 2610 981 2659 cum
1000 2611 1158 2662 numero
1172 2613 1220 2662 re

79 2724 173 2773 rum.
226 2702 372 2775 Dicitur
387 2727 544 2798 quoque,
560 2702 648 2799 licet
660 2703 872 2798 improprie,
892 2703 1030 2776 unitus.

129 2840 176 2891 11.
202 2818 391 2891 Mrmerus
409 2831 465 2892 est
483 2820 588 2915 plura
601 2845 687 2910 una,
706 2820 783 2893 sive
801 2821 925 2916 plures
942 2821 1121 2894 unitates.
1164 2822 1220 2897 Sic

78 2959 271 3008 numerum
289 2936 456 3009 definivit
473 2936 666 3010 Euclides:
693 2960 774 3026 nec,
793 2937 824 3010 si
849 2937 997 3010 nonita
1023 2937 1220 3029 definisset,

78 3052 186 3126 aliter
204 3053 433 3126 definiendus
452 3066 541 3126 erat.

25 3151 28 3157 Α
128 3169 236 3243 Pueri
253 3184 377 3242 autem
395 3170 475 3243 haec
492 3194 567 3243 uon
586 3169 777 3259 docentur,
795 3170 881 3266 quia
899 3168 1081 3245 doctrinae
1099 3173 1221 3273 dede·

75 3287 303 3360 finitionibus
328 3287 493 3360 nondum
512 3299 598 3360 sunt
616 3312 791 3384 capaces:
818 3288 883 3361 sed
899 3313 967 3384 pro
994 3313 1067 3362 uno
1085 3291 1222 3365 habent

76 3406 326 3478 characterem
344 3405 476 3500 ipsum,
494 3428 626 3500 nempe
649 3405 761 3494 hune,
785 3415 826 3490 l;
852 3431 921 3502 pro
939 3406 1086 3480 duobus
1113 3410 1220 3499 hunc,

77 3531 123 3606 23
150 3533 186 3595 et
210 3521 263 3594 sic
286 3521 471 3618 deinceps.
523 3523 700 3596 Attamen
726 3523 779 3596 sic
797 3547 942 3620 quoque
969 3548 1148 3601 numeros
1174 3529 1221 3600 le·

75 3662 176 3734 gere,
193 3637 341 3727 addere,
359 3638 604 3726 substrahere,
624 3639 879 3735 multiplicare,
895 3654 934 3712 et
952 3639 1131 3733 dividere,
1150 3668 1221 3717 non

71 3757 212 3855 judicio
230 3757 295 3830 sed
313 3759 489 3831 memoria
512 3758 601 3830 satis
624 3758 794 3831 celeriter
821 3757 992 3831 discuntr
1019 3770 1057 3833 et
1082 3774 1221 3857 postea,

75 3889 264 3949 crescente
282 3899 367 3948 cum
384 3888 496 3949 aetate
513 3899 638 3948 rerum
653 3875 876 3973 cognitione,
896 3876 1040 3972 quoties
1057 3902 1152 3974 opus
1169 3890 1222 3953 est

109 4134 126 4169 ’
143 4135 192 4195 Sic
206 4135 273 4194 edit.
293 4132 378 4193 1672.
422 4131 682 4209 Quaresastum?
723 4133 802 4194 Vide
815 4132 1034 4214 DePrincrpiic
1047 4136 1220 4197 amovi·

75 4241 192 4299 oratioue
211 4239 437 4298 Geoructrarum.
480 4238 547 4298 Vol.
563 4256 604 4297 lv.
