2656 5136
162 628 234 694 168
384 642 604 696 carneuna
623 644 675 695 nr
693 641 980 696 raonnsnara

80 960 133 1003 ·,,-,
159 920 370 995 discendam
387 947 480 1021 opus
497 935 554 998 est
565 923 679 998 biduo
695 938 762 996 aut
778 922 915 1012 triduo,
924 932 971 995 ut
987 921 1199 1019 plurimun:

11 1024 133 1085 “mm
158 1035 323 1131 quamvis
340 1034 387 1108 ad
405 1035 735 1133 promptitudinem
748 1034 939 1132 operandi,
952 1058 1052 1132 opus
1064 1035 1198 1109 niteno-

158 1146 352 1221 suetudine
369 1147 527 1223 fortasse
544 1148 658 1222 trium
675 1147 870 1222 mensium.

583 1625 691 1701 CAP.
713 1626 777 1701 IV.

232 1787 295 1862 De
310 1787 662 1886 quadratisfiguris
677 1797 716 1863 et
731 1788 936 1887 quadratis
952 1789 1132 1864 amerb.

160 1961 188 2013 1.
214 1940 377 2014 Frounn
389 1939 568 2036 quadrata
585 1951 624 2014 et
640 1963 814 2014 uumerus
830 1938 1195 2038 quadratus,quaudo

156 2067 281 2149 partes
299 2053 437 2126 babent
450 2052 647 2148 quadratas
664 2053 820 2127 totidem
833 2064 872 2127 et
888 2053 1065 2150 aquales,
1078 2052 1197 2129 endem

158 2179 215 2239 est
231 2189 311 2240 res:
338 2190 425 2240 nam
449 2168 569 2264 figura
583 2177 664 2241 tota
681 2179 719 2241 ct
736 2189 910 2241 numerus
936 2167 1104 2265 partium
1124 2167 1197 2264 ejus

157 2278 256 2352 idem
275 2290 373 2352 sunt.

208 2415 255 2466 11.
281 2393 426 2488 Figurae
456 2392 657 2488 quadratae,
684 2392 716 2466 si
744 2390 1003 2465 describantur
1036 2416 1061 2466 a
1095 2391 1197 2466 radiis

158 2506 407 2578 crescentibus
423 2518 465 2578 ut
483 2506 626 2580 numeri
644 2506 690 2578 ab
707 2505 850 2578 unitate
864 2504 902 2578 in
918 2505 1017 2578 serie
1034 2505 1199 2596 naturali,

158 2617 334 2691 differunt
351 2618 448 2690 inter
459 2642 497 2691 se
514 2629 557 2691 ut
573 2618 716 2691 numeri
729 2617 895 2713 ejusdem
907 2617 1018 2691 seriei
1035 2619 1198 2716 impares.

157 2731 313 2825 Nempe,
330 2731 450 2826 figura
466 2731 618 2803 minima
634 2744 690 2804 est
709 2755 799 2803 una:
818 2730 904 2804 huic
918 2730 1072 2805 additus
1085 2733 1197 2829 proxi·

157 2866 240 2915 mus
263 2865 436 2916 numerus
461 2844 590 2939 impar,
604 2844 667 2941 qui
686 2855 743 2915 est
769 2851 806 2930 3,
823 2843 913 2916 facit
937 2845 1099 2939 figuram
1115 2869 1198 2942 qua-

159 2954 303 3029 dratam
320 2957 524 3053 proximam
538 2965 574 3029 4.
612 2956 711 3028 Huic
725 2979 850 3029 rursus
867 2955 1017 3029 additus
1033 2980 1199 3031 numerus

158 3068 277 3165 impar
293 3068 481 3166 proximus
500 3078 534 3158 5,
553 3068 643 3141 facit
656 3068 876 3163 quadratum
893 3069 1048 3143 tertium
1067 3079 1105 3145 9.
1153 3071 1197 3144 Et

159 3182 211 3255 sic
228 3194 417 3278 perpetuo.
470 3182 597 3277 ltaque
615 3203 785 3254 excessus
802 3180 1072 3277 quadratorum
1088 3182 1197 3257 dicto·

159 3316 242 3366 rum
267 3305 439 3367 crescunt
464 3306 508 3366 ut
533 3291 678 3366 numeri
704 3293 750 3366 ab
775 3292 919 3366 unitate
946 3293 1120 3391 impares,
1135 3296 1197 3369 via

164 3416 243 3496 1,3‚
259 3416 294 3495 5,
308 3410 344 3496 7,
363 3419 434 3479 etc.

211 3541 275 3594 111.
312 3520 351 3593 Si
376 3518 515 3592 fuerint
541 3529 617 3590 tres
634 3517 804 3614 quadrati
836 3517 1012 3617 deinceps
1036 3520 1199 3618 proximi,

158 3658 182 3706 a
198 3632 319 3705 medio
336 3644 460 3704 autem
477 3630 664 3704 auferatur
686 3630 832 3704 unitas:
858 3655 1037 3706 numerus
1062 3634 1126 3731 qui
1146 3657 1197 3707 re·

157 3745 335 3841 linquitur
353 3757 409 3819 est
426 3744 568 3818 medius
584 3743 868 3840 proportionalis
887 3746 987 3819 inter
1004 3759 1194 3822 extremos

158 3859 327 3956 Exempli
352 3884 475 3948 causa,
501 3866 580 3946 100,
593 3865 727 3946 81,64,
753 3870 841 3931 sunt
864 3859 1011 3932 numeri
1036 3859 1195 3956 quadrati

159 3972 333 4069 deinceps
349 3972 518 4068 proximi.
570 3971 794 4045 Detrahatur
810 3971 933 4045 unitas
950 3971 999 4044 ab
1018 3980 1083 4062 81,
1095 3974 1195 4049 relic,

158 4086 284 4182 quitur
301 4094 362 4176 80,
379 4085 443 4182 qui
467 4085 610 4159 medius
637 4094 693 4158 est
715 4084 1002 4181 proportionalis
1026 4086 1125 4160 inter
1140 4109 1194 4159 ex·

157 4210 295 4273 tremos
316 4207 386 4273 100
409 4207 447 4270 et
470 4208 533 4273 64.
586 4197 774 4287 Similiter,
798 4204 860 4287 49,
875 4205 937 4286 36,
950 4205 1000 4272 25
1027 4212 1117 4273 sunt
1136 4221 1193 4273 uu·

157 4312 249 4385 meri
283 4310 453 4408 quadrati
488 4311 660 4409 deinceps
693 4309 863 4407 proximi.
927 4310 962 4382 A
996 4312 1121 4386 medio
1153 4317 1192 4385 36

156 4426 345 4499 auferatur
361 4424 496 4515 unitas,
514 4436 629 4499 restat
652 4432 722 4509 35;
757 4422 898 4496 medius
919 4424 1191 4520 proportionalis

157 4540 454 4614 iuter49et25.
508 4541 603 4613 Item
627 4538 664 4612 in
688 4538 849 4630 his9‚4,
869 4545 880 4610 l
903 4567 913 4612 ε
940 4538 1187 4616 siamediol
