2656 5136
424 675 756 727 aconasmsrrcx.
1044 657 1117 736 373

72 838 182 903 Finita
199 839 340 925 Synodo,
356 838 464 903 statim
480 860 562 904 nova
577 837 727 925 dogmata
741 848 897 924 surguntt

115 938 285 1023 Quamque
300 939 388 1024 prius
404 938 519 1015 fuerat,
535 938 637 1003 acrior
650 938 698 1002 ira
712 937 803 1003 redit

69 1039 150 1103 Post
166 1038 412 1105 Constantinum
429 1038 513 1103 rexit
529 1037 735 1105 Constantius
750 1040 869 1115 orbem,

113 1138 295 1203 Catholicos
309 1160 447 1202 vexans:
471 1159 610 1220 namque
620 1136 762 1201 Arianus
776 1146 853 1201 erat.

69 1235 129 1300 Ille
145 1247 178 1301 et
198 1236 410 1301 Athanasium
427 1260 579 1323 magnum
595 1236 771 1302 terroribus
785 1236 931 1323 implens,

111 1335 307 1422 Martyrium
322 1336 389 1401 vita
404 1336 482 1400 fecit
497 1358 602 1401 amare
617 1335 732 1401 minus.
1047 1341 1111 1403 890

67 1435 154 1499 Exul
169 1438 209 1500 ab
224 1435 384 1522 AEgypto‚
401 1434 588 1500 Constantis
602 1445 705 1500 castra
722 1457 779 1521 per
794 1435 896 1522 Alpes

110 1534 343 1619 Gallorumque
359 1533 439 1599 adiit
453 1533 571 1619 frigida
585 1556 661 1598 rura
675 1557 792 1600 senex:

65 1634 183 1700 Judicc
199 1646 231 1699 te
247 1634 370 1710 merito,
386 1632 466 1697 latas
481 1655 501 1696 a
517 1632 666 1718 Principe
680 1633 767 1720 leges

111 1736 220 1798 Ausus
235 1732 390 1797 doctrinae
404 1730 619 1816 postposuisse
634 1755 707 1797 suae.

66 1831 237 1896 Proximus
252 1831 337 1907 huic,
352 1830 464 1894 mundi
479 1830 586 1896 tenuit
599 1830 752 1896 Julianus
767 1831 923 1898 habenas:

110 1932 201 1996 Ante
217 1930 346 2014 quidem
362 1928 484 1994 Christi
499 1929 556 2013 qui
570 1929 735 1995 simularat
748 1952 849 1995 ovem.

68 2029 257 2095 Sanctorum
273 2052 359 2094 nunc
374 2027 474 2093 hostis
488 2038 575 2093 crat:
599 2051 711 2094 verum
725 2029 780 2094 ille
794 2029 937 2116 pepercit

109 2129 272 2205 Fortunis,
288 2129 368 2193 sacri
384 2127 632 2213 corporibusque
647 2128 762 2215 gregis.

67 2227 130 2293 Sed
146 2228 223 2292 fecit
238 2227 323 2312 quod
339 2228 430 2311 pejus
445 2236 522 2291 erat
568 2224 655 2289 Nam
671 2226 792 2312 templa
807 2226 950 2293 Deorum

110 2324 285 2391 Sardorum
301 2324 424 2410 pridem
438 2323 546 2389 diruta
559 2323 720 2400 restituit3
1044 2332 1107 2392 900

65 2425 180 2508 Atque
194 2424 350 2490 idolorum
366 2423 489 2489 cultum
505 2422 666 2488 revocavit
681 2422 836 2510 ineptum.

110 2524 163 2590 Sic
178 2525 294 2589 iterum
309 2523 390 2589 ritus
406 2523 595 2589 convaluere
609 2522 694 2587 mali.

65 2625 271 2691 Christicolas
286 2635 392 2689 autem
408 2623 515 2688 sanxit
531 2645 595 2687 non
610 2645 678 2688 esse
692 2623 849 2688 docendos

107 2724 268 2810 ingenuas
283 2733 377 2799 artes,
392 2722 477 2788 bella
490 2731 646 2806 paratque
661 2721 783 2787 animis.

64 2824 127 2886 Sec.
153 2823 229 2888 Non
246 2834 349 2887 tutam
364 2822 471 2886 forsan
487 2820 646 2885 Pietatem
661 2821 785 2887 viderat
798 2820 883 2885 inter

109 2919 352 2994 Grammaticos,
367 2919 497 3006 logicos,
512 2918 751 3003 rhetoricosque
765 2919 862 2984 viros.

67 3019 197 3085 Scilicet-
211 3019 270 3097 his,
287 3018 405 3103 patrias
420 3040 508 3082 amor
523 3029 572 3081 est
586 3017 815 3102 reprehendere
829 3018 932 3104 leges:

109 3120 154 3183 Et
169 3129 287 3183 statum
303 3140 409 3181 rerum
424 3127 558 3188 vertere,
574 3139 697 3181 summa
712 3116 834 3182 Venus.

65 3218 140 3283 Non
157 3219 263 3281 minus
278 3216 398 3302 ingenii
413 3215 586 3281 committit
599 3215 701 3302 gloria
715 3216 835 3293 doctos,

109 3318 214 3400 Quam
230 3340 321 3402 reges
337 3315 419 3401 rapti
435 3315 572 3380 dedecus
587 3315 721 3401 imperii.
1044 3322 1108 3383 910

64 3418 125 3481 Pr.
150 3420 198 3482 At
212 3417 332 3482 frustra
347 3415 470 3481 cultum
486 3414 630 3500 permisit
645 3437 701 3480 rex
715 3414 869 3481 Julianus

108 3516 270 3583 Gentibus
284 3515 464 3599 antiquum,
481 3537 574 3580 nemo
589 3513 645 3579 ubi
660 3537 748 3580 sacra
762 3514 867 3580 dabat.

65 3616 208 3701 Quisque
223 3639 315 3681 suum
331 3625 469 3691 taurum,
486 3613 623 3679 vitulum
639 3613 834 3692 comedebat,
849 3624 883 3680 et
901 3637 1040 3702 agnum3

109 3715 276 3782 Sacrificus
291 3738 391 3792 rarus,
407 3713 538 3779 victima
552 3736 624 3778 cara
638 3712 712 3778 suit.

65 3814 241 3901 Frigebant
256 3839 329 3892 arae,
345 3815 533 3898 desertaque
549 3813 669 3899 templa
683 3811 839 3879 silebant:

109 3913 310 3980 Catholicum
325 3915 364 3980 de
380 3913 452 3978 Diis
467 3913 571 3978 dicere
586 3935 687 3998 pauca
700 3911 775 3978 suit.

64 4011 110 4075 Et
125 4013 200 4076 dum
217 4012 352 4097 quisque
368 4035 456 4077 suam
472 4034 539 4076 rem
554 4011 652 4076 solam
667 4021 759 4076 curat
773 4020 807 4077 et
820 4021 924 4098 urget,

107 4111 158 4175 De
173 4111 270 4175 dubia
284 4110 367 4175 dixit
382 4111 548 4196 relligione
565 4109 654 4174 nihil.

65 4210 109 4273 Et
125 4210 201 4293 quia
215 4209 362 4273 decuerat
378 4208 514 4294 populus
531 4207 604 4273 Diis
619 4206 804 4285 sacrificare,

108 4307 164 4371 Fit
179 4331 261 4372 nova
275 4306 408 4392 relligio,
425 4329 497 4390 quoe
513 4307 577 4372 suit
591 4318 665 4371 ante
679 4318 781 4371 vetus
803 4295 805 4299 ¹
1043 4311 1106 4371 920

64 4408 115 4470 At
130 4431 204 4471 mox
220 4431 239 4470 a
254 4405 361 4470 Persis
375 4429 432 4471 rex
447 4405 582 4470 eaeditur
595 4405 757 4470 hostibus:
781 4404 891 4481 hostis,

106 4506 245 4571 Dicebat
259 4505 372 4579 clerus,
389 4503 475 4589 quod
490 4504 553 4569 suit
569 4504 621 4569 ille
637 4503 710 4569 Dei.

64 4606 158 4671 Tunc
174 4605 269 4670 etiam
287 4602 404 4669 Gottbi
419 4613 584 4688 coeperunt
598 4625 685 4668 arma
701 4624 828 4668 movere
