2656 5136
213 620 286 687 302
626 635 848 688 ualerone.

16 807 189 919 3393?
213 800 276 873 ΡΑ
289 812 327 874 et
339 801 422 874 An:
448 824 523 875 non
536 813 662 875 autem
673 827 720 876 cx
733 802 800 876 BA
811 815 849 876 ct
863 802 939 875 Ac.
983 800 1115 898 Atque
1129 798 1197 874 hic
1212 823 1273 896 ap-

34 906 176 978 ὲὙ-ἕ
212 925 318 1008 paret
335 915 506 1010 nugatio:
525 939 610 989 nam
623 917 684 988 ΕΑ
697 932 735 989 et
746 917 812 989 ΑΕ
825 928 881 988 est
894 915 976 1011 ipsa
987 914 1064 987 BC.
1094 913 1273 1011 Idemque

212 1027 289 1121 egit
307 1051 352 1099 ac
366 1027 397 1099 si
410 1029 568 1123 probare
578 1028 689 1102 vellet
703 1030 863 1101 securim
878 1027 1056 1124 componi
1066 1051 1116 1099 ex
1126 1027 1225 1099 silva
1238 1038 1274 1099 et

212 1153 358 1214 monte:
378 1141 465 1236 quia
479 1140 571 1215 silva
583 1143 786 1216 contribuit
799 1142 941 1238 lignum
955 1141 1004 1214 ad
1020 1140 1273 1226 manubrium,

213 1265 250 1326 et
269 1277 376 1325 mous
394 1253 534 1327 ferrum
551 1278 596 1327 ex
616 1256 696 1351 ejus
713 1254 850 1328 fodinis
867 1267 1029 1327 erutum.
1083 1253 1274 1328 Posthac

212 1389 301 1438 vero
319 1366 443 1454 homo,
468 1366 611 1440 scilicet
634 1368 914 1455 urbanissimus,
933 1391 993 1439 me
1013 1366 1147 1461 arguit
1171 1366 1274 1463 quasi

214 1503 324 1575 quem
335 1479 624 1574 paralogismum
636 1481 877 1555 admisissem.
905 1481 1040 1555 Quain
1055 1479 1273 1577 re,quaesoi

213 1591 371 1687 Nempe,
386 1593 449 1665 ubi
468 1592 620 1668 dirime
639 1607 717 1667 tam
735 1594 937 1692 improprio
954 1592 1139 1688 loquendi
1162 1592 1274 1666 modo

212 1705 269 1778 uti
287 1705 460 1779 noluisse.

263 1818 323 1891 Ad
342 1831 529 1915 quartum,
547 1820 609 1893 hic
627 1819 792 1894 ostendit
808 1843 848 1893 se
865 1820 905 1892 in
922 1843 967 1891 eo
985 1818 1068 1914 ipso
1086 1842 1222 1894 errare
1238 1821 1275 1894 in

213 1956 288 2028 quo
306 1933 417 2028 paulo
434 1946 523 2006 ante
540 1933 635 2007 dixit
653 1957 805 2007 menon
824 1932 994 2006 debuisse
1011 1933 1151 2006 timere
1169 1958 1197 2006 a
1211 1958 1276 2030 pc·

213 2046 420 2140 ralogismis
444 2070 537 2141 quos
558 2047 622 2120 alii
647 2058 776 2143 postea
801 2046 948 2119 sibimet
971 2046 1064 2142 ipsis
1089 2046 1275 2121 facerent.

213 2158 311 2232 Nam
339 2160 377 2232 iu
405 2159 476 2232 hoc
499 2160 582 2255 ipso
608 2158 897 2256 paralogismum
921 2158 992 2231 sibi
1017 2159 1147 2256 tingit,
1175 2159 1276 2257 quod

213 2287 358 2346 motum
386 2272 674 2346 determinatum
700 2271 784 2346 loco
808 2271 1134 2346 determinationis
1150 2274 1274 2355 consi·

214 2386 331 2459 deret.
383 2384 444 2458 Ad
461 2383 563 2481 quod
579 2385 874 2481 intelligendum,
887 2383 1099 2480 putandum
1117 2398 1177 2459 est
1196 2411 1274 2460 mo-

213 2512 294 2571 tum
313 2499 598 2571 determinatum
617 2523 695 2571 esse
709 2498 758 2571 ad
776 2499 892 2593 ipsam
910 2509 1031 2571 motus
1047 2497 1274 2571 determina·

213 2612 352 2684 tionem
381 2624 422 2683 ut
450 2626 505 2683 est
532 2635 666 2706 corpus
696 2611 846 2707 planum
877 2610 924 2683 ad
952 2609 1166 2706 planitiem,
1200 2615 1274 2686 sive

213 2724 445 2819 superficiem
458 2725 623 2818 ejusdem
637 2725 812 2820 corporis.
844 2724 940 2796 Nam
955 2725 1273 2818 quemadmodum

214 2849 359 2909 mutata
371 2861 446 2909 una
463 2839 655 2934 superficie
670 2863 745 2910 non
761 2838 926 2934 sequitur
943 2837 1033 2909 alias
1047 2841 1206 2927 mutari,
1219 2841 1274 2912 vel

214 2950 296 3046 plus
311 2950 476 3046 corporis
490 2952 547 3023 vel
565 2952 687 3023 minus
705 2952 776 3023 illis
794 2951 958 3045 adjungi,
973 2951 1120 3023 etiamsi
1139 2954 1219 3026 sint
1237 2955 1273 3027 iu

214 3064 346 3136 codem
373 3088 540 3159 corpore,
560 3078 599 3137 et
624 3089 699 3137 non
725 3067 867 3160 possint
893 3089 971 3136 esse
990 3066 1070 3137 sine
1090 3067 1196 3161 ipso:
1224 3069 1275 3140 ita

215 3190 358 3250 mutata
392 3202 467 3250 una
501 3178 822 3262 determinatione,
847 3203 921 3250 nou
957 3179 1126 3273 sequitur
1161 3181 1273 3256 aliam

215 3292 361 3379 mutari,
382 3291 439 3364 vel
467 3291 549 3387 plus
577 3306 701 3365 motus
720 3292 796 3364 sive
814 3292 1012 3364 celeritatis
1029 3292 1082 3365 illi
1101 3293 1273 3391 adjungi,

213 3405 381 3501 quamvis
409 3417 544 3477 neutra
570 3405 686 3501 possit
715 3429 795 3477 esse
819 3405 897 3476 sine
925 3419 1041 3478 motu.
1097 3408 1217 3480 Quod
1245 3409 1274 3481 si

214 3533 342 3591 noster
360 3518 613 3605 intellexisset,
632 3543 707 3590 non
730 3518 870 3590 diceret
897 3517 1113 3615 oportuisse
1132 3545 1194 3593 me
1213 3523 1275 3595 de-

213 3640 451 3718 monstrasse,
471 3632 570 3726 qnod
591 3642 740 3704 retenta
768 3633 918 3728 integra
946 3631 1145 3704 velocitate
1172 3635 1276 3707 aba

213 3769 344 3817 versus
358 3745 388 3816 B
404 3744 635 3842 impossibile
645 3756 744 3817 esset
755 3745 877 3842 pilam
887 3747 1102 3842 pronrooeri
1118 3747 1275 3847 longius

215 3856 394 3930 iraeadem
407 3858 711 3930 determinatione
722 3884 832 3955 quam
846 3859 901 3931 ad
915 3860 956 3930 E.
992 3859 1159 3933 Vidisset
1174 3864 1275 3935 enim

201 3971 253 4044 -id
272 3970 320 4042 ab
338 3970 409 4043 hoc
427 3995 505 4043 esse
530 3972 836 4059 demonstratum,
854 3972 954 4068 quod
980 3971 1274 4050 demonstrarim

216 4085 565 4158 determinationem
592 4085 824 4158 dextrorsum
850 4109 925 4158 uon
953 4109 1032 4157 esse
1056 4100 1275 4163 mutatam:

214 4199 302 4294 quia
325 4221 400 4270 non
428 4210 553 4293 potest
576 4201 704 4293 augeri
728 4199 787 4271 vel
811 4200 926 4271 minui
956 4212 1076 4271 motus
1102 4201 1141 4273 in
1171 4203 1275 4277 illam

214 4323 371 4407 partem,
386 4311 474 4407 quin
495 4311 713 4385 tantundem
733 4312 784 4384 illi
800 4312 1100 4385 determinationi
1114 4318 1276 4391 accedat

215 4425 274 4496 vel
293 4425 458 4497 recedat:
487 4438 528 4497 ut
556 4450 676 4520 neque
700 4439 823 4523 potest
848 4450 983 4522 corpus
1010 4427 1046 4497 in
1073 4434 1276 4525 superficie

216 4541 364 4630 mutari,
384 4545 473 4637 quin
493 4542 602 4615 etiam
623 4542 835 4638 superficies
853 4552 1034 4614 mutetur:
1054 4565 1126 4614 nec
1145 4556 1275 4618 tamen
