2656 5136
66 542 139 609 266
441 553 727 609 ontsc'rtortns

5 754 12 781 ‚
115 722 172 795 Ex
188 744 262 818 quo
278 728 383 817 petet
403 743 463 795 me
479 720 592 797 ulium
617 721 739 796 ideam
769 719 817 794 ed
843 743 979 794 nomen
1007 720 1113 794 inde-

59 835 261 934 pendemtir
287 858 361 908 non
380 834 518 911 hebere
543 848 681 934 praeter
706 836 920 909 memoriam
948 857 1115 909 meorum

64 948 231 1023 idearum
256 948 510 1045 incipientium
527 949 680 1024 diversis
696 949 935 1047 temporibus,
954 947 1113 1044 ideoque

65 1060 364 1159 dependentium.

116 1176 354 1272 Quapropter
387 1174 511 1251 dicere
540 1176 661 1251 Deum
690 1198 769 1251 esse
798 1174 1113 1274 independentem,

64 1288 156 1361 nihil
182 1287 285 1362 aliud
310 1298 367 1363 est
393 1312 505 1385 quom
521 1287 646 1365 dicere
673 1289 795 1363 Deum
811 1312 893 1362 esse
921 1311 967 1362 ex
984 1311 1114 1362 esrum

64 1425 188 1475 rerum
221 1425 377 1475 numero
407 1424 563 1498 querum
589 1425 667 1476 non
693 1401 875 1498 imaginor
910 1400 1112 1496 originem:

64 1515 161 1587 sicut
184 1513 306 1587 dicere
331 1514 454 1588 Deum
478 1536 558 1589 esse
584 1513 778 1610 inlinitum,
804 1512 903 1586 idem
926 1526 983 1586 est
1005 1537 1049 1586 ac
1080 1514 1113 1587 si

66 1625 231 1700 dicamus
249 1650 337 1701 eum
352 1650 431 1701 esse
448 1626 487 1700 in
504 1650 660 1700 numero
673 1650 800 1701 eurum
813 1650 937 1699 rerum
955 1649 1114 1722 quarum

64 1762 140 1813 non
157 1738 384 1837 concipimus
399 1740 503 1815 fines.
555 1740 602 1815 ut
628 1740 682 1815 sic
698 1740 819 1815 omnis
848 1739 933 1814 idea
950 1739 1020 1814 Dei
1047 1764 1113 1814 ex-

64 1850 236 1926 cluditur.
290 1852 419 1929 Qualis
435 1852 535 1929 enim
551 1866 608 1929 est
623 1850 708 1928 idea
723 1855 803 1928 sine
819 1853 962 1951 origine
980 1865 1020 1927 et
1036 1865 1113 1927 ter-

63 1965 201 2040 minis?

115 2078 260 2152 Summe
292 2076 587 2179 intelligentem:
630 2103 757 2176 quaero
789 2079 863 2169 hic,
899 2101 965 2174 per
999 2102 1113 2176 quom

62 2191 184 2266 ideam
201 2193 248 2266 D.
265 2191 306 2266 C.
323 2191 497 2291 intelligit
512 2192 800 2267 intellectionem
819 2189 917 2265 Dei?
966 2192 1113 2265 Summe

56 2314 262 2404 potentem:
280 2304 382 2395 item,
394 2328 463 2402 per
475 2328 587 2403 quem
604 2304 726 2379 ideam
742 2304 963 2402 intelligitur
980 2316 1111 2400 poten·

65 2418 130 2506 tio,
147 2444 230 2516 quae
247 2429 304 2494 est
319 2442 443 2493 rerum
461 2419 683 2509 futurorum,
700 2418 772 2492 hoc
784 2431 842 2491 est
859 2441 935 2491 non
952 2418 1113 2491 existen·

64 2532 171 2606 tium.

115 2644 224 2719 Certe
251 2669 320 2741 ego
348 2644 554 2741 potentiam
581 2642 748 2738 intelligo
776 2667 821 2716 ex
849 2643 1010 2738 imagine
1035 2645 1112 2717 sive

64 2759 241 2833 memoria
260 2759 447 2833 actionum
468 2760 750 2856 preteritorum,
775 2758 846 2831 hoc
871 2758 981 2831 modo
1007 2759 1113 2832 colli-

62 2896 174 2965 gens:
187 2871 362 2970 eicseeit,
373 2897 467 2971 ergo
480 2873 535 2946 sie
542 2871 824 2970 potuitfaeere,
838 2895 932 2970 ergo
947 2872 1113 2945 existens

62 2986 160 3059 idem
170 2985 226 3059 sic
235 2985 384 3084 poterit
394 2984 683 3083 iterumfocere,
697 2984 765 3058 hoe
777 2994 834 3056 ert
848 2983 962 3057 habet
974 2996 1114 3081 poten-

63 3100 156 3174 tiam
158 3098 353 3197 faciendi.
377 3099 462 3173 Jam
475 3100 556 3172 haec
569 3098 694 3172 omnia
707 3109 793 3171 sunt
810 3098 904 3171 ideae
917 3123 999 3194 quoe
1018 3111 1113 3172 ortae

62 3237 142 3288 esse
159 3224 312 3310 possunt
330 3213 377 3286 ab
395 3213 551 3310 objectis
569 3213 744 3285 externis.

116 3324 330 3399 Creatorem
347 3326 504 3399 ommium
522 3350 602 3422 pure
619 3334 771 3397 entant:
798 3324 995 3397 creationis
1021 3324 1112 3397 ima-

62 3439 186 3536 ginem
199 3439 384 3537 quondam
397 3439 488 3512 mihi
500 3439 571 3536 ipsi
586 3440 727 3534 fingere
740 3462 891 3534 possum
906 3461 951 3510 ex
970 3438 1013 3508 iis
1027 3462 1112 3534 quae

63 3551 152 3640 vidi,
185 3553 286 3626 velut
315 3553 503 3626 hominem
530 3564 742 3626 noscentem
773 3552 848 3625 sive
883 3562 1112 3624 crescentem

63 3665 165 3739 velut
181 3688 226 3737 ex
243 3675 382 3761 puncto
398 3664 438 3738 in
455 3667 613 3761 figuram
630 3676 668 3738 et
685 3665 980 3760 magnitudinem
999 3689 1112 3759 qnam

63 3802 163 3852 nunc
196 3778 319 3852 habet.
370 3778 491 3851 Aliam
525 3777 647 3850 ideam
677 3777 725 3851 ad
760 3803 896 3851 nomen
932 3778 1112 3851 creatoris

63 3914 174 3966 nemo
191 3891 313 3965 hebet.
360 3890 434 3964 Sed
446 3913 523 3964 non
540 3891 675 3963 sufficit
693 3890 741 3963 ad
759 3890 985 3986 probandam
1006 3915 1111 3963 crea-

64 4007 218 4091 tionem,
247 4005 348 4103 quod
379 4005 573 4102 imaginari
600 4028 793 4103 possumus
821 4004 999 4076 mundum
1030 4029 1111 4077 esse

64 4130 243 4193 creatum.

113 4231 276 4329 Ideoque
293 4231 364 4304 etsi
382 4229 677 4305 demonstratum
703 4240 800 4301 esset
825 4228 964 4325 aliquid
991 4229 1110 4322 infini-

64 4356 153 4434 tum,
171 4344 432 4444 independens,
451 4366 585 4417 summe
597 4351 736 4440 potem·
749 4353 832 4429 etc,
846 4343 1015 4429 existere,
1032 4367 1109 4416 non

63 4473 188 4534 tamen
205 4458 373 4557 seqnitur
390 4457 548 4531 existere
566 4465 781 4530 creatorem.
812 4455 892 4528 Nisi
907 4457 987 4550 quis
1004 4468 1110 4550 putet
