2656 5136
67 612 140 678 256
442 629 727 684 outnuurouns

6 819 25 860 o
65 802 239 868 actuum:
266 792 373 868 valde
395 795 530 870 rationi
558 805 847 870 consentaneum
874 805 941 882 est,
959 802 997 868 et
1024 817 1111 868 usus

62 906 180 1001 jubet,
211 918 254 979 ut
281 908 361 981 illas
391 909 615 982 substantias
647 932 738 1004 quas
767 907 1001 1003 agnoscimus
1032 931 1111 981 esse

66 1020 231 1114 subjecta
240 1020 348 1116 plane
362 1019 590 1095 diversorum
600 1031 749 1095 actuum
763 1021 839 1094 sive
853 1019 1110 1109 accidentium,

67 1131 220 1206 diversis
253 1133 464 1208 nominibus
497 1134 735 1232 appellemus,
765 1145 877 1231 atque
906 1145 949 1208 ut
982 1146 1112 1231 postea

66 1257 192 1320 utrum
218 1246 281 1320 illa
299 1246 442 1322 diversa
465 1248 693 1322 nominares
719 1247 892 1335 diversas,
909 1248 969 1321 vel
998 1271 1111 1321 unam

67 1368 104 1432 et
131 1360 285 1432 eandem
312 1361 532 1457 significent,
551 1361 811 1435 examinemus.
864 1361 960 1434 Sunt
985 1374 1109 1434 autem

66 1483 172 1546 actus
190 1472 337 1568 quidam
357 1497 450 1569 quos
466 1497 642 1548 vocamus
670 1495 880 1569 corporeos,
899 1484 941 1546 ut
967 1474 1111 1568 magni-

65 1584 169 1673 tudo,
186 1587 319 1682 figura,
336 1596 471 1675 motus,
489 1585 617 1660 etalio
642 1586 768 1659 omnia
792 1610 874 1680 quae
890 1585 1029 1681 absque
1055 1585 1110 1658 lo-

65 1698 135 1771 cali
153 1699 366 1772 extensione
393 1697 551 1796 cogitari
576 1721 653 1772 non
682 1711 860 1794 possunt:
885 1709 998 1793 atque
1025 1698 1112 1771 sub-

64 1812 240 1885 stantiam
269 1811 329 1885 cui
362 1811 417 1885 illi
449 1810 589 1900 insunt,
606 1833 779 1884 vocamus
813 1833 963 1908 corpus.
1031 1810 1112 1883 Nec

63 1924 154 2019 fingi
172 1934 293 2018 potest
309 1924 383 1998 alia
398 1947 478 1998 esse
500 1922 705 1999 substantia
726 1947 810 2021 quae
826 1924 876 1998 sit
901 1921 1111 2018 subjectum

63 2037 203 2132 figurae,
229 2037 302 2109 alia
319 2061 402 2134 quae
419 2037 467 2112 sit
494 2038 701 2134 subjectum
719 2048 841 2112 motus
864 2038 990 2112 loculis
1017 2050 1111 2111 etc:

64 2150 150 2246 quia
166 2173 294 2223 omnes
311 2150 364 2223 illi
380 2163 485 2225 actus
502 2152 730 2226 conveniunt
747 2153 815 2225 sub
832 2175 909 2224 una
925 2152 1111 2224 communi

64 2261 209 2336 ratione
227 2262 462 2337 extensionis.
518 2263 615 2338 Sunt
639 2262 773 2337 deinde
795 2263 859 2337 alii
885 2275 1003 2353 actus,
1020 2286 1112 2359 quos

63 2398 239 2448 vocamus
262 2375 501 2475 cogitativos,
531 2387 575 2449 ut
604 2375 821 2472 intelligere,
844 2375 950 2464 velle,
981 2376 1111 2470 imagi-

63 2487 158 2575 nari,
177 2487 312 2560 sentire
330 2499 424 2572 etc.;
451 2489 514 2584 qui
532 2511 659 2561 omues
677 2489 745 2561 sub
762 2488 907 2561 ratione
925 2488 1112 2561 communi

64 2601 311 2696 cogitationis
346 2601 423 2674 sive
462 2602 722 2697 perceptionis,
759 2602 836 2675 sive
876 2603 1110 2675 conscientiae

63 2713 312 2798 conveniunt3
338 2726 449 2809 atque
462 2714 705 2788 substantiam
723 2715 783 2787 cui
800 2714 936 2803 insunt,
956 2714 1111 2788 dicimus

64 2849 143 2899 esse
161 2850 241 2899 rem
258 2827 496 2923 cogitantem,
515 2828 590 2902 sive
608 2840 781 2918 mentem,
800 2830 876 2902 sive
893 2829 965 2902 alio
983 2831 1111 2926 quovis

63 2939 236 3013 nomine:
262 2939 373 3013 modo
399 2964 446 3013 ne
469 2942 587 3036 ipsam
606 2965 690 3014 cum
714 2942 918 3015 substantia
935 2967 1112 3038 corporea

63 3052 345 3143 confundamus
356 3053 531 3150 quoniam
545 3067 651 3128 actus
664 3055 858 3152 cogitativi
874 3055 1014 3128 nullam
1028 3080 1112 3128 cum

62 3166 205 3239 actibus
228 3168 415 3262 corporeis
444 3167 583 3241 habent
609 3168 838 3254 affinitatem,
856 3179 894 3240 et
925 3169 1110 3263 cogitatio

64 3303 148 3373 quae
166 3293 220 3353 est
246 3281 410 3376 ipsarum
427 3282 522 3355 ratio
548 3282 766 3364 communis,
784 3293 863 3355 toto
889 3305 1023 3377 genere
1042 3281 1112 3352 dif-

62 3392 138 3466 fert
163 3393 210 3466 ab
228 3395 456 3484 extensione,
474 3418 557 3490 quae
582 3406 639 3467 est
665 3395 760 3467 ratio
791 3394 996 3466 communis
1024 3394 1111 3465 alio-

65 3530 160 3580 rum.
225 3507 424 3603 Postquam
450 3531 538 3579 vero
566 3505 658 3580 duos
689 3507 884 3579 distinctos
912 3519 1112 3600 conceptus

65 3620 217 3693 istarum
246 3618 402 3692 duarum
420 3621 709 3693 substantiarum
737 3619 986 3706 formavimus,
1005 3618 1112 3690 facile

60 3744 187 3804 estex
211 3729 320 3804 dictis
346 3732 385 3804 in
410 3744 514 3804 sexta
541 3732 787 3805 Meditotione
815 3755 1037 3827 cognoscere
1064 3757 1112 3804 an

65 3867 141 3916 una
157 3856 196 3917 et
212 3842 340 3917 eadem
357 3845 444 3933 sint,
463 3868 510 3916 an
530 3843 695 3917 diversae.

446 4052 647 4106 OBJECTIO
668 4053 731 4104 111.

68 4167 172 4255 Quid
186 4191 279 4267 ergo
295 4177 352 4241 est
377 4169 480 4267 quod
504 4194 530 4241 α
555 4193 635 4241 ntea
654 4166 882 4266 cogitatione
899 4169 1111 4270 distinguo-

115 4285 212 4355 tur?
273 4280 384 4370 Quid,
415 4281 518 4379 quod
544 4306 569 4354 a
591 4280 755 4380 meipso
789 4292 1003 4380 separatum
1034 4284 1113 4355 dici

108 4399 272 4494 potest?

116 4535 227 4609 Forte
250 4534 489 4631 respondebit
511 4533 642 4631 aliquis
660 4534 747 4607 huic
766 4536 972 4630 quaestioni,
992 4561 1014 4609 a
1031 4559 1113 4609 mea
