2656 5136
414 649 747 702 accauslhsrlch.

64 809 177 894 thue
192 811 283 878 illum
299 813 383 880 circa
392 816 527 899 juvenes
541 815 661 880 duxere
676 814 814 890 choreas,

106 909 217 994 Aptus
233 911 282 976 vir
296 912 396 990 bellis,
409 925 484 1000 apta
497 914 604 1000 puella
617 913 718 979 viris?

64 1006 164 1073 Hunc
179 1008 296 1074 festum
310 1021 423 1097 gentes
438 1012 513 1077 olim
528 1013 686 1098 Priapeia
701 1013 867 1088 vocabant,

106 1107 263 1193 Optatum
277 1112 384 1195 pueris
399 1111 640 1198 virginibusque
655 1111 748 1177 diem.

63 1205 217 1272 Nondum
233 1209 351 1276 defecit
366 1224 457 1276 vetus
472 1211 681 1276 Ambarvalia
695 1211 815 1277 festus:

15 1369 21 1376 .
106 1305 231 1385 Festus,
247 1320 281 1372 at
296 1309 461 1387 innocuus,
477 1323 642 1395 permanet
656 1309 709 1375 ille
723 1310 800 1374 dics.
1018 1308 1101 1368 1350

63 1404 108 1468 Et
123 1428 217 1488 quem
232 1407 363 1483 rurales,
379 1407 469 1472 finita
484 1431 594 1485 messe,
610 1408 714 1474 coloni

106 1503 191 1570 Cum
206 1505 334 1571 Baccho
350 1507 472 1572 Cereris
488 1507 706 1573 concelebrare
721 1506 834 1582 solent,

63 1602 276 1688 Temporibus
291 1604 401 1690 priscis
416 1617 492 1669 sunt
506 1605 723 1670 Bacchanalia
738 1604 833 1680 dicta,

109 1700 194 1767 Cum
210 1702 277 1767 vini
292 1701 434 1767 colerent
448 1702 601 1768 ebrietate
616 1702 748 1768 Deum¹.

65 1797 174 1863 Multa
189 1800 291 1864 tulere
306 1812 412 1885 patres
426 1800 490 1886 legi
505 1800 663 1865 contraria
678 1800 806 1876 Christi,

109 1897 198 1962 Dum
213 1898 366 1983 populum
381 1909 553 1984 properant
567 1898 733 1965 conciliare
748 1899 817 1963 sibi.

65 1995 98 2059 N
102 2020 137 2062 ec
152 1997 197 2062 sie
212 1998 350 2062 venisset
364 2000 497 2063 tortasse
512 1997 673 2083 proselyta
686 1997 817 2073 multus,

111 2096 146 2161 Si
161 2119 225 2160 non
241 2119 260 2160 a
274 2096 376 2161 causis
391 2096 536 2182 pluribus
551 2110 641 2162 actus
656 2110 733 2162 erat.

65 2195 147 2260 Vita
164 2194 371 2261 Sacerdotum
388 2196 511 2261 cunetis
526 2196 634 2262 odiosa
648 2207 735 2263 erat:
759 2195 822 2260 illis

108 2294 235 2381 Ingenii
251 2306 307 2361 aut
321 2319 445 2361 morum
460 2296 564 2382 gretia
584 2296 673 2360 nulla
686 2295 760 2360 suit.
1022 2293 1106 2354 1360

65 2393 152 2457 Nam
168 2394 253 2458 tristi
268 2394 426 2480 gravitate
441 2397 597 2481 superbus
611 2394 778 2481 hypocrita
792 2417 889 2479 quem
905 2414 968 2457 non

111 2493 264 2570 Offendit,
282 2516 477 2578 quamquam
492 2504 608 2559 caetera
621 2494 734 2560 doctus
748 2493 865 2559 homo?

66 2592 132 2674 Qui
149 2594 262 2678 spretis
277 2593 347 2658 aliis
362 2594 485 2679 sapiens
501 2594 572 2659 vult
586 2594 671 2659 solus
685 2593 795 2659 haberi

108 2692 154 2756 Et
169 2692 241 2769 diei,
257 2693 403 2777 quamvis
419 2693 464 2757 nil
479 2693 558 2759 sciat
572 2693 625 2758 ille
640 2691 735 2769 beni;

65 2790 89 2855 J
93 2802 163 2854 usta
178 2791 237 2857 tibi
252 2791 332 2856 solvi
348 2792 404 2875 qui
419 2791 561 2877 postulat
575 2791 690 2868 omnia,
706 2814 829 2856 summo

110 2889 231 2972 Adque
246 2889 356 2953 datum
372 2903 526 2974 punctum
537 2891 611 2974 jure
625 2889 837 2975 geometric03

68 2989 142 3073 Ipse
157 2999 264 3052 tamen
279 2988 375 3053 solvit
389 3013 446 3053 sua
460 2988 608 3054 libertate
623 3000 743 3074 poeta:

112 3085 211 3151 Hune
225 3086 345 3152 socium
361 3086 437 3152 vitae
452 3086 570 3152 dixeris
585 3110 652 3152 esse
671 3088 809 3152 bonum?

68 3185 233 3270 Compulit
247 3186 287 3250 ad
303 3185 465 3251 Christum
480 3186 548 3252 vita
561 3186 705 3272 improba
717 3185 937 3252 sacrificorum

112 3287 235 3351 Multos
250 3286 370 3351 foelices
385 3287 604 3373 ingenuasque
619 3287 713 3352 viros.
1027 3287 1110 3350 1370

69 3386 197 3471 Quippe
212 3410 325 3472 parum
341 3396 475 3472 possunt
489 3386 626 3451 insulsos
639 3385 724 3450 serre
739 3384 854 3471 pudico

111 3485 246 3571 Ingenio
261 3485 338 3562 nati,
355 3508 419 3551 non
435 3485 611 3571 inopesque
627 3484 696 3550 viri.

71 3585 134 3652 Sed
149 3584 251 3650 multo
266 3584 373 3670 plures
388 3584 488 3649 traxit
502 3583 683 3650 communio
698 3582 811 3659 vietus,

112 3685 307 3768 Quanquam
322 3684 393 3749 illos
408 3683 529 3769 inopes,
542 3682 774 3770 contiguaeque
789 3680 874 3745 sami.

70 3786 133 3848 Sea.
159 3784 243 3850 Siste
253 3784 397 3870 gradum.
427 3783 588 3865 Quoniam
599 3804 659 3847 nec
669 3781 782 3857 adhue,
794 3780 828 3845 in
839 3777 977 3864 imagine
989 3775 1111 3845 Christi

114 3883 188 3948 Aut
206 3884 326 3961 Sancti,
342 3884 515 3968 quicquam
531 3906 626 3948 cerno
640 3904 700 3969 ego
714 3881 817 3947 inesse
832 3878 916 3944 mali

72 3980 144 4045 Non
160 4005 228 4067 ego,
244 3982 271 4047 si
286 3982 405 4060 flectar,
421 3983 448 4048 si
463 3984 561 4048 verba
574 3982 704 4048 effundo
718 3987 914 4067 precantum,

117 4078 215 4164 Siqua
231 4104 316 4146 meos
327 4082 434 4147 oculos
448 4080 571 4147 detinet
585 4080 724 4167 effigies:

72 4178 149 4244 Non
165 4180 211 4244 illi
226 4180 345 4258 flector,
361 4204 425 4246 non
440 4181 594 4266 alloquor,
611 4193 668 4245 aut
682 4179 760 4245 colo.
808 4175 920 4244 Solum

116 4278 182 4344 Oro
198 4278 314 4355 Deum,
331 4302 446 4344 nomen
461 4280 567 4366 cogito
581 4291 689 4344 mente
703 4277 776 4343 Dei.
1030 4278 1113 4336 1380

74 4378 165 4443 Tune
180 4378 254 4443 deos
270 4377 382 4442 Romae
398 4377 498 4444 credis
513 4377 704 4443 simulachra
718 4373 842 4441 videri?

318 4586 325 4618 ¹
346 4586 427 4656 [vide
442 4587 616 4653 Latiarum,
627 4586 748 4658 Anglioe,
759 4603 785 4656 p.
798 4583 870 4653 663]

174 4682 267 4735 vul..
284 4681 323 4732 V.
960 4679 981 4729 C
995 4678 1016 4729 C
