2656 5136
557 613 706 664 tucax.

68 763 122 813 ficit
140 765 278 825 consensio,
297 764 349 815 sive
370 766 475 816 societas
491 775 624 825 contracta,

68 830 124 878 sine
137 839 259 893 potestate
275 830 358 896 aliqua
373 831 504 882 communi.
521 831 547 881 it
566 837 624 881 913.

67 894 104 943 iil.
119 901 172 944 1311.

68 958 151 1024 legum
161 959 269 1009 civilium
278 960 395 1010 delinitio.
403 960 430 1010 ii.
441 966 494 1020 199,
502 966 558 1020 313,
566 966 622 1010 315.

68 1023 104 1073 iii.
126 1031 206 1083 lac-7,
225 1031 354 1075 3811-111
371 1026 478 1075 civitatis
495 1026 622 1084 Romanae,

68 1088 137 1153 qnid.
149 1090 184 1139 iii.
199 1096 251 1140 196.

66 1154 183 1267 princeps
200 1156 266 1219 jure,
288 1171 337 1204 non
359 1162 443 1204 tamen
463 1154 517 1203 sinc
538 1154 621 1217 legum

68 1229 156 1267 11111111
166 1219 216 1268 iarn
226 1219 364 1278 violatione,
372 1219 438 1269 cives
449 1218 476 1268 in
487 1236 620 1284 paucorum

67 1283 173 1347 gratiam
184 1284 308 1348 spoliabit.
319 1285 344 1332 11
357 1291 413 1339 994,
424 1301 448 1334 n.

66 1359 170 1413 peccant
180 1359 266 1398 contra
283 1350 351 1412 leges
367 1348 498 1407 naturales,
510 1348 561 1413 qui,
573 1348 619 1398 etsi

62 1416 121 1489 jure
132 1430 147 1462 a
158 1429 254 1462 summo
270 1414 407 1478 imperante
423 1429 547 1470 concesso,
563 1430 619 1462 eum

65 1479 219 1527 interficiunt
236 1478 278 1543 qui
301 1479 443 1528 mandatum
461 1478 618 1527 inhonestum

67 1544 171 1604 exsequi
184 1552 282 1606 negant.
294 1543 411 1594 11996-7.

65 1623 98 1656 ex
111 1608 208 1669 legibus
218 1607 332 1656 civilibus
346 1607 505 1670 cognoscitur
516 1606 575 1671 qnid
588 1607 621 1657 sit

56 1678 160 1737 sartum,
171 1675 320 1730 homicidium,
331 1675 472 1730 aenaeam,
489 1674 582 1737 injuria.
594 1671 619 1721 li.

65 1744 121 1786 229.

64 1807 101 1850 lec
109 1804 179 1849 cicilia
190 1801 350 1865 restringitur
358 1799 431 1848 hodie
439 1800 470 1849 ad
478 1800 619 1863 significan-

64 1867 124 1915 dum
134 1866 201 1927 leges
211 1866 334 1914 Romanas
342 1865 461 1929 antiquas.
471 1865 618 1924 1111301116.

65 1931 157 1994 siquid
168 1931 194 1978 in
203 1935 286 1992 ροριιὶο
295 1931 333 1979 vel
344 1933 408 1977 cacia
419 1933 549 1991 optimatem
559 1947 618 1980 con·

65 1996 199 2058 trangon
216 1994 352 2044 naturalem
369 1994 494 2043 decretum
515 1994 555 2054 sit,
575 1995 618 2059 qui

65 2068 124 2108 sunt
135 2059 178 2124 qui
187 2068 296 2124 peccant
308 2059 334 2108 ii.
345 2065 393 2108 943
404 2058 470 2108 1-111
480 2062 617 2119 monarchia,

64 2124 198 2173 monarcha
209 2124 261 2188 ipae
272 2132 365 2189 peccat
376 2123 435 2173 ibid.

63 2190 184 2238 naturalis
201 2198 352 2254 pnrceptum
367 2197 405 2238 est
421 2187 618 2238 dehonorandis

63 2254 216 2320 parentibus,
226 2254 272 2303 sub
284 2253 356 2303 titulo
362 2257 482 2317 1111111111
494 2253 520 2302 11.
532 2260 588 2304 953.

63 2319 198 2370 monarcha
207 2329 305 2368 tenetur
313 2320 367 2383 lege
378 2319 484 2368 naturali
493 2318 524 2367 ad
536 2317 619 2367 omnia

63 2401 120 2451 qnae
137 2384 168 2432 ad
185 2400 269 2449 paoem
284 2384 421 2433 necessario
431 2384 579 2433 conducant
591 2383 616 2433 ii.

62 2514 173 2571 inccta,
185 2513 252 2577 leges
264 2523 378 2588 tanquam
393 2512 557 2578 superandas
568 2511 617 2562 buc

62 2589 88 2628 et
100 2579 159 2627 illuc
170 2578 296 2627 fluctuant.
307 2578 333 2627 11.
344 2584 399 2627 975.

62 2644 156 2700 civiles,
168 2643 264 2693 vincula
279 2654 337 2692 sunt
353 2642 498 2692 artificialia.
509 2642 544 2691 iii.
559 2648 615 2693 161.

62 2707 180 2757 -eadcm
199 2708 229 2756 ad
252 2708 320 2756 labra
341 2724 464 2756 summum
485 2707 616 2771 imperium

63 2772 185 2827 habentis,
200 2782 225 2820 et
240 2772 271 2820 ad
288 2788 359 2821 aures
376 2771 538 2830 subditorum,
555 2788 617 2846 qaro-

63 2837 137 2885 modo
153 2837 259 2898 alligata
277 2835 336 2884 ibid.
346 2837 497 2900 2-quamiis
511 2836 616 2901 fragilia,

64 2917 79 2948 1
97 2901 207 2965 periculo
226 2910 307 2949 tomen
326 2917 376 2965 quo
395 2904 540 2965 tranguntur
557 2901 617 2950 satis

65 2965 168 3014 tenacia.
180 2965 238 3014 ibid.

65 3029 148 3079 Graeci
169 3040 262 3078 veteres
278 3045 354 3094 quare
378 3029 458 3094 legem
475 3029 616 3079 nominave-

64 3103 124 3143 runt
135 3094 222 3158 νόμον.
234 3094 268 3144 iii.
284 3101 335 3144 186.

63 3157 204 3219 ignorantia
225 3159 287 3220 legis
309 3174 358 3207 non
380 3167 492 3207 excusat.
512 3157 547 3207 iii.
564 3165 617 3218 191,

63 3228 206 3273 eth-non
229 3224 338 3288 potuisse
360 3223 439 3287 legem
460 3239 617 3286 cognoscere,

62 3298 171 3338 exciisat
181 3289 216 3338 iii.
226 3295 280 3347 916,
291 3294 336 3338 517
344 3287 433 3351 :-legi
439 3287 570 3337 essentiale
579 3298 617 3338 est

62 3363 91 3402 ut
102 3364 272 3418 cognoscatur,
289 3362 314 3403 et
331 3352 385 3418 ipsa
399 3366 424 3400 et
441 3353 575 3417 legislator.
590 3352 615 3402 ii.

62 3425 205 3468 3901-11111
214 3429 240 3466 ut
280 3426 376 3483 rpetno,
384 3417 428 3466 sed
439 3429 467 3466 ut
474 3417 549 3465 semel
558 3433 615 3478 cog·

62 3484 115 3532 nita
122 3483 204 3533 fuerit
211 3435 348 3533 ibidlz—ad
359 3498 413 3531 eam
421 3483 616 3546 cognoscendam

61 3548 200 3597 necessaria
210 3559 268 3597 sunt
284 3547 449 3613 promulgatio
460 3556 486 3596 et
495 3547 616 3611 interpre-

61 3613 130 3662 tatio.
151 3613 210 3662 ibid.
222 3614 303 3662 :-lex
322 3629 371 3661 non
393 3622 439 3665 est,
461 3611 486 3660 ni
505 3612 616 3660 voluntas

62 3677 211 3740 legislatoris
229 3678 374 3727 declaretur.
393 3677 419 3725 ii.
431 3682 485 3726 390.
506 3676 597 3726 111111
610 3696 616 3727 :

61 3743 120 3792 —id
132 3743 198 3807 quod
212 3744 240 3792 lit
256 3742 461 3808 promulgatione.
473 3741 531 3790 ibid.
544 3741 615 3791 ibid:

61 3808 120 3855 —in
128 3809 182 3872 ejus
191 3807 443 3872 promulgationeduo
452 3816 565 3855 constare
573 3806 616 3854 de·

61 3872 129 3931 beat,
141 3872 207 3936 quod
218 3872 336 3936 procedat
346 3887 463 3921 asumma
471 3872 615 3936 imperante,

62 3947 87 3986 et
110 3937 163 4001 ipsa
185 3937 247 4000 legis
269 3937 397 3986 sententia
420 3935 445 3984 ii.
463 3935 616 3996 ath-legis

61 4002 224 4066 promulgata
232 4000 560 4063 testimoniaibid.:-legea
567 4000 615 4049 nisi

62 4067 177 4128 cognitae,
188 4083 238 4115 non
248 4066 366 4130 obligant.
378 4066 403 4114 ii.
413 4072 458 4114 104
463 4065 566 4130 z-legis
576 4066 614 4130 ig-

63 4131 175 4180 norantia
186 4141 295 4188 excusat,
308 4131 413 4206 (parando.
424 4130 460 4178 iii.
473 4136 528 4180 549.

62 4197 125 4260 legis
136 4207 231 4245 naturae
241 4206 266 4244 et
276 4196 361 4243 ciitles
377 4194 403 4243 in
420 4195 505 4243 eadem
516 4195 616 4244 civitate

63 4278 89 4309 se
100 4270 186 4310 mutuo
202 4260 336 4311 continent.
354 4259 550 4310 1111981-111111
567 4275 615 4308 non

62 4326 160 4374 diversa
170 4341 269 4389 genera,
280 4325 323 4373 sed
334 4324 437 4373 diversae
443 4332 533 4388 partes.
544 4324 615 4374 ibid:

62 4407 198 4504 Humum
211 4390 250 4439 bac
265 4389 371 4454 scriptae,
382 4388 432 4438 illm
448 4404 498 4437 non
509 4389 615 4454 scriptae.

62 4472 69 4503 1
90 4471 97 4503 1
117 4493 121 4502 .

62 4519 188 4578 naturalis,
205 4527 244 4568 est
260 4517 341 4568 omnis
358 4517 437 4567 virtus
453 4517 561 4568 moralia.
580 4517 616 4568 iii.

66 4585 185 4634 tata-fit
195 4583 283 4642 civilis,
295 4583 401 4649 quando.
410 4582 470 4632 ibid.

63 4650 131 4713 leges
152 4666 168 4699 a
189 4659 379 4714 quantocunque
401 4647 492 4698 civium
514 4663 616 4699 numero

1101 593 1229 667 lxxxiii

677 765 731 815 sine
741 781 863 816 consensu
875 782 977 816 summae
993 768 1122 832 [1011111111
1138 769 1229 819 mutari

675 846 724 880 non
735 840 845 895 possunt.
856 830 891 880 iii.
907 837 959 881 199.

673 906 760 944 contra
770 895 890 945 1111111111
900 912 954 945 esse
964 912 1014 945 non
1025 904 1112 962 potest
1124 897 1160 948 iii.
1169 904 1227 948 199.

672 970 803 1009 -estnon
816 961 899 1009 littera
908 960 1007 1025 scripta,
1019 961 1063 1010 sed
1079 961 1228 1025 legislatoris

672 1024 784 1074 intentio.
805 1024 912 1075 1111111-
920 1042 970 1074 non
990 1026 1021 1074 de
1054 1026 1113 1076 ndet
1134 1043 1165 1076 ex
1184 1028 1227 1092 ju·

672 1089 839 1204 ιτὶίὶ1ζί1ἰ11111111111
859 1090 965 1156 alicujus
980 1089 1007 1139 in
1036 1090 1124 1155 cgibns
1144 1092 1227 1157 periti.

672 1170 680 1202 1
699 1171 706 1203 1

671 1219 763 1274 civiles,
774 1219 805 1268 iis
816 1219 876 1269 solis
892 1228 951 1268 saint
965 1219 1032 1281 leges
1043 1219 1134 1284 quibus
1144 1221 1225 1271 decla-

671 1294 732 1332 ratae
743 1285 849 1334 fuerunt.
861 1284 897 1332 iii.
909 1290 965 1342 900,
973 1288 1027 1334 547.
1039 1285 1064 1333 ii.
1077 1290 1225 1335 3901-11111

670 1347 702 1396 iis
731 1349 756 1397 ui
768 1350 828 1414 qnid
839 1349 872 1398 sit
885 1350 981 1413 justum
996 1358 1022 1399 et
1036 1349 1163 1415 injustam,
1175 1367 1226 1401 non

671 1367 820 1478 intelligunt.
831 1413 867 1463 iii.
879 1420 933 1463 900.

671 1478 735 1526 servi
753 1479 835 1537 vincti,
857 1479 878 1528 si
897 1478 1025 1527 dominnm
1047 1478 1225 1546 interfecerint,

671 1541 734 1591 nihil
744 1543 929 1593 faciantcontra
936 1543 1003 1607 leges
1009 1544 1224 1595 111111111111951.

671 1623 726 1670 quas
737 1608 808 1672 signa
818 1608 850 1657 ad
866 1608 945 1671 legem
956 1608 1160 1683 promulgandam
1170 1609 1224 1659 ido·

670 1686 717 1720 nea
727 1672 849 1721 censenda
859 1683 922 1722 sunt
935 1672 1034 1722 111900.
1046 1673 1073 1721 11.
1081 1680 1130 1723 333
1140 1675 1224 1739 :-qui

670 1734 749 1800 legem
761 1737 867 1786 civitatis
879 1753 930 1786 snae
944 1753 993 1785 non
1011 1737 1070 1786 satis
1081 1739 1223 1802 promulga-

670 1808 720 1848 tam
729 1801 1223 1858 1111111111,111111111111111191911333.

670 1864 710 1913 lex
740 1883 778 1915 uae
787 1867 853 1915 cives
862 1882 948 1915 omnes
959 1866 1059 1930 obligat,
1074 1883 1119 1916 nec
1130 1868 1223 1932 scripta

669 1882 775 1988 ostien
793 1940 888 1981 naturrc
910 1941 955 1980 est
978 1930 1013 1979 iii.
1035 1932 1150 1982 900;-11
1171 1949 1222 1982 non

669 2010 761 2052 omnes,
772 1995 815 2044 aed
826 2006 920 2045 certum
931 2011 1010 2059 genus
1020 1995 1121 2059 obliget,
1132 2012 1178 2045 nec
1189 1998 1223 2047 sit

669 2059 862 2173 scrippadnequc
881 2060 1043 2124 promulgata,
1064 2060 1106 2109 lex
1126 2071 1221 2112 naturae

668 2132 713 2173 est
725 2140 733 2172 1
752 2125 759 2173 i
778 2161 784 2173 .

668 2204 753 2237 omncs
768 2205 818 2238 ncn
834 2188 996 2254 promulgataa
1012 2188 1080 2253 leges
1096 2190 1221 2240 naturales

668 2264 732 2303 sunt
750 2253 785 2303 iii.
797 2253 993 2303 9001-1111111111
1010 2254 1119 2303 omnium
1135 2254 1166 2303 de
1182 2272 1221 2304 es·

668 2318 748 2367 sentia
759 2327 796 2366 est
807 2327 835 2368 ut
845 2318 1039 2383 promulgentur.
1051 2318 1086 2368 111.
1098 2325 1153 2380 900,
1165 2326 1222 2380 919,

668 2389 722 2433 255.
734 2383 759 2432 ii.
772 2389 894 2442 391333.

667 2447 743 2512 leges,
757 2447 909 2513 temporibus
925 2446 1111 2512 antiquissimis,
1127 2465 1221 2498 memo·

667 2511 711 2562 riae
731 2529 805 2562 causa
823 2512 931 2562 carmine
948 2513 1173 2567 conscribebantur.
1184 2513 1220 2566 iii.

667 2577 758 2627 90111
770 2583 825 2627 322.

667 2642 757 2706 quibus
767 2642 845 2706 signis
856 2641 953 2706 indiget
962 2640 1012 2701 lex,
1021 2641 1088 2706 quod
1098 2659 1113 2692 a
1125 2659 1221 2693 summa

666 2717 788 2771 potestate
799 2706 932 2772 profectam
941 2723 995 2756 esse
1005 2721 1174 2773 cognoscatur.
1184 2708 1219 2759 111.

666 2836 814 2901 quaestiones
825 2837 888 2900 legis
899 2835 1017 2886 naturalis
1028 2845 1053 2885 et
1061 2836 1124 2902 legis
1131 2836 1221 2897 1111111,

666 2902 790 2965 quomodo
801 2919 831 2950 ex
851 2901 961 2950 licandoe.
972 2900 1007 2950 iii
1019 2907 1074 2950 901.

667 2965 710 3030 qui
721 2966 818 3015 dubitat
867 2982 957 3015 numne
973 2982 1004 3014 an
1016 2965 1107 3015 malum
1120 2966 1220 3032 quidvis

666 3031 707 3083 sit.
717 3042 742 3080 et
754 3040 835 3080 tamen
846 3030 912 3090 farcit,
925 3031 1005 3095 legem
1015 3031 1172 3098 contempsit.
1182 3032 1219 3082 111.

668 3159 749 3222 legam
760 3160 881 3224 interpres
891 3158 913 3207 is
920 3157 1007 3223 estqui
1018 3175 1137 3209 summam
1145 3160 1221 3211 habet

666 3233 820 3288 potestatem.
837 3223 872 3272 iii.
885 3230 940 3281 909,
951 3230 1089 3273 {tw-non
1106 3225 1220 3275 doctores

668 3289 706 3337 rel
716 3289 847 3353 scriptores
859 3288 958 3337 moralis
969 3288 1138 3353 philosophia».
1146 3289 1219 3339 ibid:

666 3369 779 3428 —neque
786 3353 828 3417 qni
837 3353 863 3401 in
873 3353 951 3412 legem
960 3353 1148 3403 commentarios
1159 3354 1220 3403 scri·

667 3417 710 3466 bit.
723 3418 758 3468 iii.
769 3424 817 3466 904
827 3417 1036 3482 :-interpretatio
1046 3427 1084 3467 est
1095 3418 1158 3483 legis
1169 3419 1220 3468 iac·

667 3493 693 3531 to
704 3482 843 3547 applicatio.
855 3482 889 3530 iii.
901 3481 1220 3547 9091-1111111111111101111

667 3546 707 3595 lex
717 3556 756 3596 cst
766 3547 816 3595 illis
826 3547 891 3595 inter
899 3562 961 3610 quos
972 3546 1027 3611 lege
1035 3547 1161 3612 agebatur,
1170 3564 1220 3598 non

667 3611 762 3660 civibus
772 3611 899 3660 universis.
911 3610 946 3659 iii.
958 3617 1013 3660 903.

667 3676 734 3739 leges
744 3686 837 3725 naturae
844 3675 952 3724 omnium
963 3685 1020 3725 sunt
1028 3676 1187 3735 difficillimae,
1194 3686 1221 3727 et

667 3741 775 3789 marimo
786 3757 848 3805 opus
858 3741 949 3790 habent
959 3740 1170 3805 interpretatione.
1182 3742 1218 3792 iii.

668 3812 714 3856 909
727 3805 938 3870 :—interpretntio
954 3805 1039 3870 iniqua
1054 3823 1099 3871 per
1109 3806 1220 3855 authori·

666 3881 742 3920 tatem
751 3887 869 3919 summam
877 3870 950 3919 tacite
959 3871 1132 3936 approbantia
1139 3871 1220 3936 legem

667 3936 772 3984 transire
782 3952 832 3984 non
842 3943 930 4000 potest.
943 3934 978 3984 iii.
990 3942 1044 3985 903.

666 4000 707 4049 lex
726 4000 817 4064 scripta
837 4000 905 4049 nulla
924 4000 971 4048 nisi
992 3999 1119 4065 exipsius
1138 4000 1221 4050 1111111

667 4064 781 4114 iinalibus
792 4065 898 4126 intelligi
909 4075 997 4129 potest.
1009 4065 1043 4114 iii
1055 4071 1112 4115 909.

666 4130 692 4178 in
704 4130 803 4179 civitate
814 4130 948 4178 constituta
958 4129 1102 4189 authoritas,
1118 4145 1168 4178 non
1178 4144 1221 4178 re-

667 4195 735 4253 ritas,
746 4194 826 4256 legem
836 4194 901 4243 iacit.
913 4194 949 4243 iii.
960 4200 1015 4243 909.

667 4259 809 4322 legistamni
823 4259 928 4318 axioma,
944 4262 1007 4306 ralla
1020 4261 1124 4320 probatio
1139 4267 1219 4306 contra

663 4328 855 4387 presumptionem
866 4327 925 4385 hoie,
936 4323 1048 4387 iniquum
1059 4332 1104 4373 est.
1115 4323 1151 4372 iii.
1162 4329 1218 4373 904.

667 4390 733 4437 inter
742 4389 816 4437 verba
825 4399 851 4437 et
862 4388 1008 4436 senteutiam
1016 4387 1086 4450 legis,
1095 4398 1161 4437 recte
1168 4387 1220 4437 dia·

668 4453 797 4515 tinguitur.
808 4453 843 4502 iii.
856 4452 1054 4501 9011-11111111
1072 4452 1219 4501 sententiam

667 4534 763 4582 requam
785 4532 834 4565 non
853 4526 995 4581 suggerant,
1012 4517 1073 4582 quid
1091 4517 1221 4567 1111111111-

667 4582 734 4630 dnm.
745 4580 780 4630 iii.
792 4588 848 4632 905.

668 4646 757 4696 divisio
768 4645 861 4712 legam.
877 4645 912 4697 iii.
924 4652 1007 4699 9050.
1023 4646 1049 4696 ii.
1060 4645 1222 4712 aliz-leges
