2656 5136
63 661 137 742 378
485 675 687 729 srsroms

106 843 187 909 Tale
202 841 281 907 nihil
296 841 381 907 dixit
396 840 516 909 Sancta
529 842 693 911 Cethedru
707 838 809 909 Siure.

64 941 129 1009 Sed
142 952 272 1008 contra:
297 950 318 980 “
327 940 379 1007 De
393 964 445 1007 me
458 941 580 1009 frustm
593 940 781 1027 quicunque
794 940 966 1027 loqueris,

105 1050 127 1079 “
141 1040 176 1104 N
177 1065 219 1106 on
234 1041 365 1127 impune
378 1039 470 1107 seres.
517 1040 601 1108 Sunt.
646 1040 723 1106 Tibi
737 1040 783 1107 sit
796 1041 884 1109 setis
898 1042 1001 1111 hoc?
1053 1048 1131 1110 1⁰80

63 1140 144 1217 Vos,
159 1142 179 1203 d
195 1140 352 1205 Doctores
367 1139 482 1217 Graeci,
493 1160 552 1205 cur
564 1138 672 1205 dicitis
686 1136 744 1204 uni

105 1239 187 1304 Tres
202 1239 388 1325 hypostases
401 1237 538 1323 simplici
551 1236 655 1305 inesse
669 1237 764 1303 Deo?

63 1336 130 1420 Qui
145 1338 255 1403 scitis?
301 1336 337 1404 Si
351 1360 416 1403 uon
430 1337 528 1414 scib's,
544 1359 585 1403 ne
598 1336 696 1403 dicite
709 1336 855 1403 fimus:

106 1437 206 1501 Nuda
219 1437 314 1501 Libri
330 1436 419 1503 Sacri
433 1436 500 1502 sint
514 1436 575 1503 tibi
588 1438 686 1503 verba
699 1435 787 1501 satis.

63 1536 143 1603 Esse
158 1536 266 1602 Deum
281 1534 447 1603 Christum
462 1536 545 1602 liber
558 1535 611 1601 hic
624 1534 767 1601 declarat
778 1544 911 1622 aperte,

107 1638 216 1721 Atque
230 1634 471 1722 Deo-genitum.
519 1634 586 1717 Qui
601 1644 701 1720 queat
713 1657 793 1712 esse,
808 1638 941 1723 rogus?

64 1736 181 1812 Stulte,
196 1735 285 1821 prius
299 1735 407 1801 videas
421 1757 463 1799 an
477 1733 579 1821 possis
592 1756 723 1799 noscere
736 1736 778 1799 ab
792 1744 877 1801 ectu

105 1834 180 1922 Ipse
194 1835 244 1899 tui
257 1834 367 1920 petris,
382 1832 470 1918 quod
483 1832 684 1921 generandus
698 1854 778 1899 eras.

64 1935 125 2012 Tu,
141 1934 197 2019 qui
212 1956 323 2000 musca
337 1933 416 2018 quid
429 1942 480 1999 est
493 1956 600 1999 uerum
615 1932 752 1998 nescibis
765 1931 801 1997 in
816 1954 933 2014 omne,

106 2034 195 2117 Quid
210 2036 266 2100 liet
280 2044 439 2120 expectas,
454 2032 608 2119 improbe,
624 2032 705 2099 scire
720 2031 839 2098 Deus?
1050 2042 1130 2103 1090

63 2134 238 2198 Pharmaoa
252 2132 390 2219 peccatis
403 2155 529 2198 summo
542 2154 583 2197 ne
597 2142 695 2219 tange
708 2132 827 2219 pelato.

107 2232 219 2299 Sunari
234 2232 262 2296 si
275 2231 334 2309 vis,
349 2231 445 2317 injice
459 2230 553 2297 furtis
568 2230 669 2297 hians.

63 2331 149 2397 Nam
164 2355 253 2397 sacra
267 2331 323 2415 qui
337 2331 442 2417 logico
457 2330 581 2396 mandit
595 2328 748 2417 mysteria
760 2327 875 2409 deute,

106 2430 205 2496 Hunc
220 2430 345 2516 vertigo
359 2430 454 2515 capit,
471 2452 663 2514 nauseuque,
677 2437 712 2494 et
725 2427 897 2495 vomitus.

63 2531 123 2594 Pr.
148 2529 352 2613 Philosophia
367 2528 429 2592 illis
445 2528 478 2591 N
483 2528 581 2594 icenis
597 2540 674 2593 nota
688 2527 822 2591 fuerunt

107 2628 188 2693 Ilmc
203 2627 289 2704 satis,
305 2637 337 2691 ct
353 2627 477 2692 scibant
492 2627 570 2711 quid
586 2650 675 2691 sacru
689 2627 786 2691 verba
799 2626 933 2694 docent.

64 2727 128 2793 Sed
143 2726 288 2792 doctrina
303 2725 366 2790 Dei
386 2749 450 2791 nou
465 2727 654 2811 expediebat
669 2747 778 2790 eorum

106 2824 266 2902 Consiliis,
281 2825 393 2890 mundi
404 2849 484 2909 quos
499 2826 641 2911 agitabat
655 2847 761 2888 umor:

63 2924 135 2991 Nee
149 2926 304 3012 populum
320 2925 431 2990 numdi
447 2935 538 2990 tanta
552 2924 720 2989 dulcedine
734 2922 830 3008 cepit,

106 3026 236 3108 Quanta
252 3025 372 3091 venalis
386 3025 490 3111 gratia
505 3024 711 3090 Pontificum.
1047 3038 1129 3097 1100

62 3126 212 3211 Namque
228 3149 301 3191 suos
316 3125 466 3192 Christus
476 3126 571 3211 jubet
586 3146 696 3190 onmes
710 3122 849 3188 invicem
864 3147 992 3205 amare,

104 3226 150 3291 Et
164 3229 248 3292 bona
262 3226 374 3291 vicinis
389 3226 494 3290 omnia
510 3224 591 3289 vello
607 3224 681 3288 suis.

62 3335 83 3364 “
99 3326 183 3409 Qum
198 3328 283 3391 bona
297 3348 360 3389 non
376 3337 433 3389 tua
448 3335 534 3400 sunt,
550 3323 660 3389 sermm
675 3330 837 3407 spectator
850 3332 887 3387 ct
902 3327 991 3405 auri,

105 3435 126 3463 “
142 3424 195 3491 Ne
210 3424 346 3509 cupias”,
362 3422 479 3507 inquit,
496 3422 555 3487 “si
570 3444 660 3487 meus
672 3444 739 3486 csse
754 3421 876 3505 cupis''.

62 3524 221 3591 Omnibus
237 3524 256 3587 ὀ
271 3523 374 3609 legem
390 3523 502 3587 duram
519 3521 649 3586 moeehis
664 3531 698 3587 ct
712 3520 825 3597 avaris,

106 3622 210 3704 Quam
227 3621 459 3686 mundanorum
475 3620 548 3704 quis
563 3619 697 3685 tolerare
719 3620 850 3703 potest?

64 3722 161 3786 Irasci
176 3731 274 3796 vetat,
289 3731 323 3785 et
338 3721 462 3785 veniam
478 3720 596 3783 donare
611 3718 735 3803 petenti

104 3820 166 3905 (Et
180 3830 269 3905 puto,
284 3820 312 3884 si
326 3819 452 3885 veniam
468 3842 531 3884 non
547 3824 653 3905 petat)
670 3818 723 3883 ille
734 3819 837 3902 jubet.

63 3918 201 3996 Christe,
217 3929 306 3983 vetas
322 3942 362 3983 ue
377 3918 450 4002 quis
465 3919 640 4005 sapientem
656 3941 689 3983 se
704 3927 798 4003 putet
812 3939 893 3994 esse,

104 4018 308 4105 Despiciatve
322 4017 434 4081 rudem
449 4018 653 4103 simplicitate
668 4018 781 4082 virum.
1039 4032 1127 4091 1110

61 4118 174 4203 AEqua
188 4116 328 4202 quidem,
343 4140 453 4182 verum
469 4118 529 4182 tibi
545 4118 633 4194 dura,
650 4116 845 4192 scholastice,
860 4116 917 4182 lex
933 4132 999 4199 est,

105 4218 172 4300 Qui
187 4217 277 4302 cupis
292 4217 420 4302 ingenio
436 4218 570 4282 subdere
585 4228 702 4283 cuneta
716 4229 781 4282 tuo.

60 4317 235 4402 Discipulis
250 4316 420 4392 Dominus,
436 4325 456 4354 “
469 4318 559 4393 uon’'‚
576 4317 668 4393 dixit,
685 4325 706 4354 “
717 4316 822 4402 cogite
838 4325 1086 4405 quemquum”:

106 4416 221 4482 Invitis
236 4416 386 4501 quonism
402 4416 505 4502 gratia
520 4426 627 4501 spreta
647 4417 739 4502 perit

305 4630 313 4658 ⁸
332 4630 411 4701 [l'ide
431 4630 605 4693 utrarum,
623 4630 740 4701 duplice,
752 4648 775 4699 p.
786 4629 860 4695 dett]
