2656 5136
249 657 315 722 184
469 671 689 725 PRINCIPIA
707 672 759 726 ΕΤ
777 672 1060 728 pacsanum

64 859 132 902 car·
146 860 200 901 vn.
245 837 416 934 quadrati
442 837 523 912 HC.
573 839 624 914 Et
650 851 849 938 propterea
873 840 988 915 etiam
1004 862 1137 915 eorum
1163 838 1279 930 latera,

56 928 227 1049 ὦ
245 976 326 1049 quae
343 962 429 1025 sunt
446 951 602 1048 aeqnalia
618 953 729 1027 rectis
747 953 813 1042 Cn,
827 978 884 1044 uo,
895 977 945 1053 op
963 952 1112 1051 singula
1128 952 1281 1050 singolis,

56 1057 213 1114 *mmmm
245 1079 354 1139 erunt
379 1067 554 1140 continue
579 1066 880 1164 proportionalia
934 1066 1003 1140 Est
1031 1078 1159 1140 antem
1185 1064 1282 1140 simul

245 1179 408 1252 omnium
435 1177 593 1252 altitudo
617 1179 697 1278 pc,
721 1179 873 1277 aequalis
900 1179 964 1253 CG
993 1178 1072 1253 sive
1096 1177 1182 1277 Dp:
1207 1188 1283 1251 sunt

245 1315 333 1387 ergo
376 1291 457 1380 DC,
481 1292 551 1379 Do,
578 1291 646 1377 Do,
668 1291 730 1389 Dp
772 1291 947 1364 continue
985 1291 1284 1389 proportionales.

246 1404 430 1479 Quoniam
460 1404 559 1477 enim
577 1416 633 1478 est
657 1416 701 1478 ut
717 1404 774 1501 (lp
791 1404 840 1478 ad
861 1428 913 1504 np
933 1405 987 1478 ita
1002 1428 1055 1504 ap
1078 1404 1129 1479 ad
1145 1429 1207 1502 op,
1223 1406 1285 1478 crit

246 1542 390 1614 qnoque
407 1530 450 1591 ut
468 1518 524 1615 (lp
541 1517 624 1614 plns
641 1518 710 1616 Cp,
727 1517 840 1591 idest
856 1528 936 1592 tota
952 1517 1030 1607 DC,
1057 1517 1108 1592 ad
1134 1518 1197 1616 Cp
1211 1516 1285 1614 plus

244 1656 307 1730 ap,
325 1631 436 1705 idest
454 1631 524 1722 Do,
538 1631 592 1704 ita
609 1630 669 1705 Dn
684 1630 732 1704 ad
751 1630 820 1720 Do,
838 1642 877 1704 et
892 1631 947 1703 ita
960 1630 1020 1705 Do
1032 1630 1083 1705 ad
1096 1630 1173 1730 Dp.
1201 1632 1285 1705 Sunt

245 1770 333 1841 ergo
348 1745 420 1833 Do,
439 1743 496 1818 Do
521 1745 602 1818 duae
627 1743 758 1818 mcdiae
780 1745 1077 1840 proportionales
1102 1745 1203 1819 inter
1226 1742 1284 1819 ΒΟ

245 1872 283 1932 et
311 1858 384 1956 Dp,
416 1860 603 1933 semissem
634 1858 747 1955 ipsius
772 1854 849 1931 DC.
902 1857 1015 1932 Quod
1039 1869 1123 1933 erat
1155 1856 1297 1932 inveni.

245 1971 391 2046 endum.

295 2108 360 2159 111.
388 2085 427 2158 Si
446 2108 534 2181 ergo
555 2085 591 2157 in
611 2093 714 2157 recta
731 2083 794 2157 CB
811 2095 970 2179 ponatur
988 2083 1050 2158 OE
1065 2084 1218 2182 oeqnulis
1234 2082 1284 2157 llo

246 2208 283 2271 et
309 2199 347 2271 in
365 2196 430 2272 DC
448 2196 631 2294 producta
646 2208 807 2293 ponatur
823 2195 884 2271 CF
899 2195 1053 2294 aequalis
1071 2196 1138 2285 Co,
1160 2198 1282 2294 junga-

248 2325 381 2407 turque
398 2310 470 2397 FG,
489 2310 744 2406 ducanturque
761 2321 874 2383 rectae
891 2307 973 2396 DE,
987 2306 1073 2383 EF:
1101 2321 1212 2384 erunt
1227 2310 1283 2384 tri-

247 2424 381 2520 angula
408 2422 638 2513 DEC,ECF,
657 2422 750 2497 CFG
766 2420 1011 2520 aequiangula‚
1036 2422 1075 2495 id
1102 2437 1161 2497 cst
1189 2446 1281 2497 arcus

248 2561 307 2624 aa,
320 2546 370 2620 tu,
385 2562 444 2633 κῃ,
479 2561 589 2609 crura
622 2537 801 2609 habentes
835 2535 1001 2633 aequalia,
1038 2549 1152 2611 eruut
1185 2539 1281 2611 etiam

248 2650 414 2745 aequalia.

299 2786 356 2836 rv.
385 2761 487 2836 lnter
505 2763 630 2836 datam
645 2775 785 2835 rectam
802 2773 840 2835 et
857 2760 971 2857 ipsius
989 2763 1183 2837 semissem
1198 2763 1280 2836 inve·

248 2877 328 2948 nire
346 2888 505 2972 quatuor
522 2876 661 2948 medias
677 2874 983 2973 proportionales.

299 2990 356 3062 Sit
373 2989 469 3079 data,
485 2989 538 3081 (in
552 2991 614 3084 fig.
628 2991 666 3081 v)
681 3002 784 3061 recta
802 2986 880 3078 De,
894 3001 931 3060 et
950 2988 1113 3062 semissis
1131 2991 1209 3086 ejus
1220 2990 1280 3064 CG.

247 3104 296 3176 Et
308 3105 373 3176 fiat
387 3101 607 3201 quadratum
626 3100 773 3189 DCBA,
789 3103 893 3198 cnjus
906 3125 992 3198 pars
1004 3115 1139 3197 quarta
1150 3105 1197 3177 sit
1209 3126 1281 3200 qna·

249 3217 394 3290 (iratum
413 3217 475 3289 lB.
528 3216 656 3312 Itaque
682 3227 784 3288 recta
807 3216 857 3289 IB
873 3216 1067 3289 estmedia
1089 3217 1280 3314 proportio

248 3331 340 3404 nalis
358 3332 455 3404 inter
474 3341 592 3403 totam
607 3329 680 3416 BC,
699 3340 736 3401 et
749 3331 827 3425 ejus
844 3329 1032 3402 semissem
1051 3329 1128 3403 CG.

299 3443 417 3517 Radia
436 3444 486 3516 IB
514 3442 743 3515 describatur
767 3465 875 3514 arcus
899 3442 963 3531 Be,
993 3462 1125 3515 secans
1149 3443 1193 3516 Ilr
1213 3446 1282 3540 pro

249 3556 398 3630 ductam
417 3558 455 3629 in
473 3582 513 3628 e:
540 3569 578 3629 et
595 3568 741 3629 secetur
758 3553 1043 3651 quinquifarium
1061 3579 1085 3628 a
1099 3557 1212 3630 rectis
1237 3556 1282 3637 lo,

250 3670 302 3758 lb,
317 3670 367 3759 Ic,
379 3671 436 3758 Id,
454 3670 662 3743 secantibus
680 3668 747 3741 ΒΚ
766 3668 805 3740 in
822 3668 865 3753 E,
879 3667 915 3756 lr,
930 3666 957 3755 l,
971 3692 1028 3740 m:
1058 3682 1283 3767 sumatnrquc

249 3784 303 3855 Bn
321 3783 468 3879 aqualis
487 3783 561 3855 BE.
614 3781 746 3855 Ductae
769 3805 857 3877 ergo
884 3780 937 3877 qf,
953 3780 1015 3877 lif,
1034 3782 1157 3858 altera
1180 3781 1283 3881 paral·

247 3896 318 3968 lela
336 3896 410 3983 BE,
427 3895 544 3968 altera
567 3895 741 3991 parallela
765 3893 832 3979 Ba,
851 3906 1081 3968 concurrent
1110 3896 1150 3970 in
1175 3896 1284 3993 diago-

248 4010 321 4082 nali
340 4010 389 4082 lB
408 4009 504 4107 inf:
532 4022 568 4082 et
586 4009 656 4082 erit
673 4008 733 4106 Bf
741 4007 972 4104 quadratum.
1026 4009 1171 4082 Eodem
1187 4007 1284 4083 modo

248 4124 278 4197 si
295 4123 522 4220 producatur
539 4120 594 4197 Bn
609 4125 647 4196 in
665 4146 699 4211 o,
717 4134 759 4194 nt
777 4123 826 4195 sit
836 4121 986 4218 aequalis
1001 4122 1071 4213 Bk,
1086 4122 1208 4198 ducta
1219 4144 1284 4196 rec·

247 4249 294 4310 tac
310 4261 411 4334 pero
428 4251 464 4310 et
482 4235 507 4307 lr
530 4235 578 4308 ad
605 4236 775 4331 opposita
799 4235 916 4308 latera
932 4233 1121 4330 parullclae
1145 4256 1284 4311 concur·

247 4364 330 4424 rent
347 4352 385 4423 in
411 4350 596 4446 diagonali
616 4346 667 4419 IB
686 4348 735 4421 ad
758 4372 807 4445 g:
834 4359 872 4419 et
896 4358 1096 4442 propterea
1113 4350 1187 4424 erit
1210 4370 1284 4447 qna·

247 4464 405 4537 drotum.
457 4465 506 4536 Et
533 4463 585 4535 sic
611 4461 657 4534 de
685 4461 839 4537 caeteris.
892 4460 998 4533 Fient
1025 4485 1118 4558 crgo
1136 4464 1284 4560 quinque

245 4579 424 4673 quadrata
441 4599 552 4675 super
570 4578 621 4650 IB
639 4577 813 4651 continue
830 4574 1136 4672 proportionalia,
1156 4576 1282 4676 ΒΜ,
