2656 5136
233 662 308 728 200
464 673 684 727 rumorem
703 674 756 728 ur
772 673 1055 728 unumunurm

62 866 131 907 cm.
144 867 174 908 x.
233 839 397 913 rabolam
415 840 484 913 sibi
501 841 717 938 inscriptam
735 855 778 914 ut
794 848 819 914 3
837 840 885 915 ad
902 850 940 930 2,
956 850 997 914 ct
1014 837 1170 936 duplum
1184 846 1272 911 rect·

40 934 223 1039 ‚mg
234 954 409 1049 angulum
427 952 475 1027 ad
493 965 612 1028 totam
636 954 853 1052 parabolam
869 954 938 1028 sibi
960 952 1183 1050 inscriptam
1197 957 1273 1027 uta

40 1067 328 1169 ttltt¹·l‘·ad2·
455 1101 460 1111 ·

284 1202 327 1252 x.
354 1179 477 1252 Etiam
493 1191 537 1253 ut
552 1179 650 1255 ratio
661 1179 875 1254 inveniatur
887 1177 1099 1275 rectanguli
1113 1175 1163 1251 ad
1178 1198 1276 1275 para·

232 1292 447 1380 beluarum,
465 1315 550 1388 quae
574 1292 749 1388 parabola
766 1304 921 1367 vocatur
943 1291 1138 1381 cubiculis,
1155 1289 1275 1364 eadem

231 1405 406 1479 methodo
423 1405 480 1476 uti
496 1428 702 1503 possumus.
755 1406 854 1479 Nam
871 1405 903 1479 si
922 1406 990 1480 fiat
1014 1405 1156 1503 ubique
1172 1413 1214 1476 ut
1229 1400 1275 1474 m

232 1518 280 1593 ad
298 1519 356 1607 dc,
376 1530 413 1591 et
430 1517 478 1590 do
500 1517 549 1591 ad
566 1517 628 1609 dt,
645 1518 701 1592 ita
722 1517 773 1591 dl>
797 1518 846 1593 ad
870 1530 1043 1616 quartam
1061 1517 1124 1606 de,
1140 1525 1186 1589 ut
1209 1515 1275 1588 sint

231 1643 393 1727 quatuor
419 1631 595 1705 continue
622 1629 917 1727 proportionales
945 1626 1011 1720 da,
1035 1628 1097 1718 dc,
1123 1626 1186 1718 db,
1214 1627 1273 1702 de:

231 1744 329 1818 linea
346 1744 591 1841 parabolastri
614 1744 711 1818 illius
736 1769 852 1818 curra
876 1743 1053 1818 transibit
1073 1740 1276 1840 peremnia

231 1868 370 1953 puncta
387 1882 420 1945 c,
434 1867 473 1929 et
489 1856 586 1929 ratio
602 1856 809 1954 rectauguli
822 1856 960 1930 ABCD
972 1855 1047 1929 erit
1064 1852 1114 1928 ad
1131 1853 1276 1952 parabu

231 1968 336 2042 lastri
367 1969 464 2042 illius
491 1968 685 2042 dimidium
706 1982 749 2043 ut
766 1979 788 2042 4
807 1969 856 2044 ad
881 1979 916 2043 3.
964 1969 1017 2043 Et
1046 1969 1103 2043 sic
1131 1963 1274 2066 procedi

231 2093 355 2179 potest
380 2082 428 2155 ad
453 2082 749 2178 parabolastrum
774 2083 991 2173 secundum,
1008 2082 1169 2156 tertium
1189 2091 1273 2156 cta:

231 2220 388 2292 quorum
406 2195 570 2268 rationes
586 2194 636 2269 ad
658 2196 915 2293 rectaugulum
933 2197 994 2269 cui
1015 2195 1272 2280 inscribuntur,

228 2308 270 2381 in
285 2308 448 2381 tabulam
463 2309 589 2407 (atque
605 2309 717 2383 etiam
728 2309 981 2406 cylindrorum
995 2308 1045 2382 ad
1061 2306 1271 2404 inscriptum

231 2422 301 2493 sibi
315 2445 449 2495 conum
464 2432 502 2494 et
515 2423 701 2513 conoidia)
716 2434 893 2518 congesta
906 2434 992 2495 sunt
1009 2445 1092 2518 cap.
1107 2421 1184 2495 xvii
1200 2415 1271 2493 libri

231 2536 304 2607 mei
323 2557 378 2607 un
398 2556 607 2608 corpora.
658 2537 780 2609 Tanta
794 2560 883 2632 ergo
910 2548 967 2608 est
993 2535 1182 2608 lemmatis
1196 2533 1270 2607 huic

231 2648 345 2744 capiti
362 2648 506 2743 praefixi
532 2647 580 2721 ad
602 2651 763 2722 maxima
786 2649 998 2745 geometriae
1015 2672 1123 2745 purae
1139 2645 1269 2745 proble-

229 2773 333 2833 mata
371 2760 658 2836 demonstranda
698 2762 868 2860 aptitudo
906 2762 1101 2852 naturalis,
1143 2773 1187 2834 ut
1217 2756 1269 2855 qui

229 2874 377 2947 noverit
392 2875 524 2969 quibus
542 2876 725 2949 rationum
741 2875 945 2948 rationibus
962 2875 1066 2969 (nam
1084 2898 1171 2948 cum
1187 2872 1268 2947 ratio

231 2987 279 3059 sit
306 2988 505 3083 quantum,
540 2999 649 3063 eruut
683 2989 868 3062 rationum
902 3013 979 3063 non
1013 2989 1140 3062 minus
1171 3006 1268 3083 quam

228 3099 385 3173 aliarum
413 3102 661 3198 quantitatum
684 3103 864 3195 rationes)
888 3123 1123 3199 unaquaeque
1145 3102 1268 3197 figure·

229 3237 312 3286 rum
335 3228 632 3312 comparaturum
655 3227 866 3312 generatur,
885 3240 1010 3289 earum
1029 3216 1132 3288 inter
1157 3237 1197 3288 se
1219 3235 1268 3286 ra-

230 3327 351 3400 tiones
369 3329 542 3423 ignorare
559 3353 633 3401 non
652 3330 781 3425 possit.
834 3328 913 3402 sed
932 3327 1059 3426 qualit
1076 3337 1148 3418 eat,
1173 3349 1268 3423 roga·

231 3441 288 3512 bit
315 3441 458 3538 aliquia,
473 3442 681 3539 geometria
705 3440 775 3514 illu
796 3445 931 3539 paru?
981 3439 1045 3513 Aa
1068 3438 1267 3539 geometria

229 3577 322 3626 aera
356 3565 426 3644 eat,
452 3579 536 3652 qma
562 3564 621 3627 aar
646 3555 826 3653 impura?
878 3554 1037 3627 Mirtum
1068 3553 1181 3641 dicet,
1204 3574 1267 3625 nou

230 3664 425 3761 impuram.
471 3666 655 3752 Quomodo
673 3676 793 3739 autem
803 3689 908 3764 para
919 3689 1031 3763 parce
1051 3659 1269 3761 mictmfim'

230 3778 379 3874 impura
403 3784 563 3876 potest?
615 3779 688 3852 Sed
723 3803 844 3875 neque
870 3779 942 3852 hoc
975 3778 1091 3852 dicet:
1128 3779 1267 3851 mixtam

229 3901 354 3963 tamen
375 3904 465 3965 tunc
482 3916 572 3980 esse,
591 3892 739 3988 quaudo
764 3892 813 3966 ad
836 3892 1031 3965 materiam
1058 3891 1267 3989 applicatur.

230 4005 469 4079 Manifestum
489 4023 613 4080 autem
631 4019 698 4097 est,
718 4009 749 4080 si
773 4008 937 4081 materiae
960 4030 1037 4080 non
1060 4006 1269 4103 applicetur,

228 4118 397 4191 inutilem
410 4143 506 4193 esse:
522 4121 708 4210 nimirum,
720 4145 839 4194 meras
850 4143 939 4209 esse,
951 4143 1088 4216 easque
1102 4119 1269 4201 difficiles,

227 4254 356 4326 nugas.
409 4233 543 4306 Puram
570 4259 640 4331 ego
659 4233 804 4331 appello
825 4233 1083 4330 geometriam,
1102 4233 1164 4306 cui
1189 4227 1269 4305 nihil

228 4345 451 4419 admiscetur
478 4346 722 4420 arithmeticae
743 4347 813 4420 nisi
832 4345 932 4443 quod
949 4346 1152 4421 conveniat
1169 4345 1270 4420 etiam

228 4459 427 4554 quantitati
446 4460 653 4545 coutinuae;
672 4485 754 4557 quae
767 4461 982 4557 geometriae
994 4472 1053 4534 est
1071 4461 1270 4558 subjeetum

226 4572 417 4668 proprium
435 4585 473 4646 et
490 4571 733 4670 adaequatum.
786 4574 916 4669 Itaque
933 4596 1017 4670 quoe
1035 4580 1270 4672 corrumpunt
