2656 5136
228 665 273 734 10
477 681 675 737 nostrum
694 680 1020 737 unounnmcuu.

44 870 184 925 eman„
273 847 461 922 Amnon.
504 847 592 921 Non
613 847 720 923 uideo
743 846 975 946 quomobrem
998 868 1092 920 oooo
1119 845 1266 921 hoedi

19 938 181 1044 ὧζῖ
223 960 385 1033 sectione
400 961 682 1058 proportionali
697 960 939 1060 excogitooit,
956 959 1151 1057 niciforte
1167 986 1216 1034 en
1227 984 1265 1033 eo

19 1063 150 1111 ΨΜ
162 1071 204 1112 ⁰¹¹*
223 1073 322 1170 quod
334 1072 547 1170 potentium
564 1075 658 1166 (non
683 1082 772 1148 onte
787 1076 934 1168 notum)
952 1073 1139 1172 segmenti
1154 1074 1266 1170 meeis-

222 1187 280 1258 ris
302 1211 381 1260 oum
401 1186 576 1285 potentio
596 1187 867 1262 semidiametri
888 1186 1153 1286 comparando,
1170 1187 1265 1261 inoe-

221 1298 299 1372 oiri
328 1324 442 1397 posse
470 1309 583 1402 potet
613 1299 748 1375 circuli
774 1324 886 1400 quom
913 1298 1046 1399 querit
1080 1300 1265 1400 mogorite-

222 1413 356 1487 dinem.

272 1526 556 1623 Segmentorum
578 1527 735 1600 istorum
763 1525 990 1623 quantitates
1013 1525 1173 1623 exprimi
1199 1550 1265 1602 uu-

220 1639 330 1712 meris
339 1653 510 1713 accurate
521 1663 597 1713 uon
607 1650 773 1737 possunt,
784 1663 904 1737 neque
915 1639 1060 1713 illarum
1072 1639 1261 1736 quadrata

219 1751 356 1824 Verum
374 1776 489 1849 prope
505 1752 652 1826 accedit
669 1776 796 1826 earum
813 1751 909 1826 ratio
922 1750 971 1824 ad
983 1751 1168 1827 rationem
1181 1762 1203 1827 5
1218 1755 1263 1829 ad

220 1875 257 1938 3.
309 1864 406 1937 Nam
424 1866 456 1938 si
473 1866 571 1940 latus
587 1866 654 1940 AB
671 1865 720 1939 sit
732 1865 893 1962 partium
910 1872 946 1952 8,
960 1867 1032 1938 erit
1049 1866 1169 1963 majus
1186 1891 1264 1965 seg·

219 1989 386 2051 mentum
401 1978 479 2052 fere
494 1988 529 2068 5,
543 1991 582 2052 et
599 1979 720 2053 minus
736 1988 969 2074 segmentum
983 1976 1062 2050 fere
1076 1986 1135 2067 δὲ.
1170 1980 1263 2054 Sunt

220 2091 319 2165 enim
337 2100 372 2180 8,
388 2101 423 2180 5,
438 2091 483 2172 31¹5
501 2092 676 2166 continue
693 2089 1007 2188 proportionales:
1032 2090 1099 2164 sed
1125 2091 1264 2168 faciunt

219 2204 353 2278 lineam
372 2207 549 2303 majorem
567 2228 678 2300 quam
694 2215 753 2278 est
778 2214 882 2277 recta
898 2203 977 2292 AG,
1001 2214 1108 2277 tanto
1124 2219 1262 2301 quanto

220 2329 277 2392 est
295 2333 427 2392 octava
442 2341 529 2415 pars
551 2317 668 2414 partis
687 2316 871 2391 vicesimae
887 2315 1025 2413 quintae
1052 2317 1169 2413 ipsius
1187 2319 1260 2392 ΑΒ.

221 2430 327 2505 Adeo
343 2444 385 2504 ut
402 2431 609 2505 differentia
624 2431 739 2504 totius
757 2443 796 2502 et
813 2428 962 2525 majoris
987 2432 1171 2527 segmenti
1196 2434 1261 2521 sui,

220 2544 337 2639 major
353 2544 543 2640 aliquanto
560 2544 609 2617 sit
626 2568 736 2640 quam
758 2556 833 2616 tres
850 2554 990 2616 octavae
1007 2555 1132 2639 partes
1151 2548 1261 2619 totius

218 2655 355 2745 lutecia,
381 2670 418 2730 et
446 2671 677 2754 segmentum
707 2658 825 2752 majus
852 2658 973 2728 minus
1001 2680 1111 2751 quam
1130 2658 1172 2743 {3
1200 2659 1261 2732 sed

219 2769 496 2863 quantominus
521 2770 734 2865 inaugusto
763 2768 1027 2864 diagrammate
1053 2792 1127 2841 nou
1156 2770 1261 2844 facile

219 2881 379 2955 discerni
396 2895 528 2979 potest.
571 2884 664 2956 Item
683 2882 768 2978 quia
786 2895 1016 2978 segmentum
1034 2882 1127 2955 illud
1145 2887 1260 2981 majus

219 2996 409 3068 subtendit
426 2996 516 3069 duas
534 2996 680 3093 quintas
696 3006 818 3091 partes
837 2994 1052 3090 quadrantis
1067 2995 1171 3087 ΑΨ,
1189 3022 1261 3071 nou

217 3109 326 3182 facile
344 3110 520 3206 distingui
536 3111 676 3206 poterit
692 3109 900 3183 differentia
912 3110 1092 3205 segmenti
1109 3110 1157 3183 ab
1175 3135 1260 3184 arcu

219 3247 330 3321 quem
346 3225 547 3301 subtendit.

601 3693 758 3813 'enon
786 3737 854 3811 111.

419 3924 474 3976 DE
493 3923 731 3975 POLYGONIS
748 3922 1059 3977 REGULARIBUS.
1172 3963 1177 3971 .

217 4057 458 4136 Anusuuau
478 4053 656 4126 doctrinae
678 4053 788 4148 hujus
811 4053 1006 4150 aggrediar
1030 4054 1259 4128 demonstra-

216 4171 348 4257 tiones,
365 4168 539 4241 lectorem
558 4166 652 4239 scire
669 4165 791 4256 velim,
810 4167 954 4262 qualem
981 4166 1028 4241 de
1045 4168 1260 4244 difficultate

214 4284 295 4380 ejus
329 4281 550 4354 senteutiam
584 4279 844 4375 pronunciavit
873 4279 1027 4377 insignis
1055 4296 1259 4378 geometra,

212 4407 461 4485 astronomus,
478 4407 516 4466 et
533 4392 784 4490 philosophus,
800 4393 989 4468 Johauues
1004 4396 1199 4493 Keplerus

1087 4547 1253 4557 *-

592 4605 609 4640 *
633 4605 683 4667 Sic
696 4605 766 4665 edit,
784 4604 871 4664 1671.
