2656 5136
243 664 317 729 236
544 674 783 729 TRACTATUS
804 672 994 727 oculeus,

63 869 148 910 mm.
163 870 194 910 x·
238 848 316 942 jam
334 845 514 917 terminus
530 843 623 918 lucis
641 844 678 917 H
693 844 805 917 estin
822 844 869 933 D,
881 844 913 917 si
931 841 1098 917 medium
1111 864 1188 916 non
1200 850 1286 914 esset

54 937 198 973 *ᾖ
240 969 436 1047 mutatum,
456 957 607 1031 deberet
621 957 717 1031 alter
733 956 916 1031 terminus
933 957 1030 1031 lucis
1047 956 1082 1030 G
1099 978 1181 1029 esse
1197 954 1234 1028 in
1246 954 1289 1027 F:-

241 1072 306 1145 sed
323 1083 475 1168 propter
492 1071 683 1145 raritatem
701 1072 815 1145 medii
830 1072 956 1168 inquo
968 1071 1050 1167 jam
1068 1081 1129 1144 est
1145 1068 1209 1143 ille
1223 1082 1285 1141 ter·

240 1185 385 1258 minus*
401 1183 555 1258 ulterius
572 1183 621 1257 ad
639 1183 669 1258 C
686 1208 754 1281 pro
771 1184 915 1258 ratione
935 1184 1147 1258 mediorum
1162 1205 1285 1278 suppo

241 1299 322 1386 sita,
339 1299 411 1371 hoc
429 1309 486 1370 est
503 1320 570 1393 pro
587 1296 732 1370 ratione
758 1296 944 1371 distantiae
966 1297 1067 1370 inter
1084 1295 1153 1369 LD
1171 1305 1208 1368 et
1232 1291 1285 1367 CB

241 1410 289 1485 ad
308 1409 522 1484 distantiam
544 1410 645 1483 inter
660 1409 735 1483 ME
752 1422 791 1483 et
807 1408 965 1484 eandem
982 1410 1059 1484 CB.
1099 1410 1170 1482 Est
1184 1409 1286 1504 igitur

146 1542 150 1549 ·
236 1526 315 1619 jam
329 1524 393 1597 CD
411 1524 508 1597 linea
520 1523 613 1598 lucis
623 1532 853 1622 propagato
870 1522 919 1596 ad
936 1523 1043 1596 densi
1060 1532 1102 1596 et
1119 1522 1195 1595 rari
1211 1545 1284 1595 con·

240 1639 337 1710 finio.
391 1638 578 1714 Quoniam
596 1660 686 1733 ergo
703 1637 769 1709 AC
789 1649 829 1710 et
855 1636 920 1710 BD
938 1649 1028 1711 suut
1050 1635 1285 1734 perpendicu-

240 1752 335 1825 lares
364 1752 412 1824 ad
445 1752 563 1848 ipsam
591 1750 656 1825 CD
690 1749 823 1823 lineam
859 1751 966 1841 lucis,
997 1752 1072 1824 erit
1103 1751 1171 1825 CA
1199 1750 1285 1823 linea

240 1864 411 1952 refracta,
429 1875 468 1936 et
480 1863 584 1940 ACQ
596 1864 754 1960 angulus
767 1862 999 1938 refractiouis
1012 1888 1167 1938 aversus
1179 1888 1203 1937 a
1215 1885 1284 1959 per·

240 1975 436 2072 pendiculo
456 1975 529 2050 CP.
581 1976 714 2051 Restat
736 1976 969 2072 probandum
994 1977 1177 2075 angulum
1195 1974 1286 2049 ACQ

240 2090 419 2185 aequalem
442 2112 522 2163 esse
546 2090 683 2187 angulo
708 2089 816 2164 lCG:
843 2089 944 2186 quod
969 2088 1082 2163 facile
1109 2103 1181 2180 est,
1208 2102 1283 2162 sunt

240 2205 338 2275 enim
366 2203 570 2278 verticulas.
624 2202 749 2285 Quare
775 2203 932 2298 angulus
958 2202 1200 2277 refractionis
1224 2215 1283 2275 etc.

241 2313 349 2406 Quod
366 2329 448 2389 erat
464 2316 805 2390 demonstrandum.

290 2430 411 2502 Facile
439 2454 583 2527 quoque
610 2429 864 2503 demonstratu
890 2440 960 2514 est,
978 2427 1128 2502 radium
1155 2442 1282 2502 transe-

241 2554 370 2614 untem
390 2567 413 2615 a
429 2542 550 2616 medio
577 2567 660 2616 raro
678 2567 744 2639 per
762 2542 873 2615 medii
892 2542 1074 2615 densioris
1093 2544 1203 2639 plana
1228 2565 1281 2636 op·

239 2655 366 2750 posita
384 2656 422 2727 iu
433 2655 594 2728 medium
609 2679 730 2728 rarum
746 2655 863 2728 simile
878 2655 1005 2751 priori,
1018 2656 1160 2729 habere
1174 2667 1280 2752 partes

240 2779 327 2841 ante
344 2769 548 2865 ingressum
567 2780 605 2842 et
621 2782 706 2865 post
724 2770 861 2842 exitum
883 2769 956 2842 sibi
980 2770 1145 2842 invicem
1173 2767 1277 2865 paral·

240 2880 341 2955 lelas.

602 3081 852 3133 PROPOSITIO
870 3082 929 3132 xl.

241 3207 285 3281 Si
313 3209 390 3281 sint
416 3210 498 3282 duce
526 3210 698 3308 quenlibet
726 3211 987 3284 inclinationes
1019 3213 1213 3285 radiorum
1237 3207 1273 3281 nl

290 3323 415 3394 eodem
433 3323 555 3395 medio
573 3346 664 3395 roro
682 3324 737 3396 acl
753 3323 848 3395 iclem
872 3323 1030 3396 inedium
1055 3325 1212 3414 densum,
1228 3318 1274 3394 nel

290 3446 435 3524 contra,
466 3437 683 3531 superficies
712 3448 835 3509 orclem
864 3437 1068 3509 arrecliornm
1096 3437 1270 3510 communis

290 3550 341 3622 sit
358 3549 482 3648 plana
495 3577 509 3622 .·
528 3573 761 3648 progressus
780 3549 876 3622 lucis
896 3550 934 3622 in
947 3551 1076 3647 primo
1093 3552 1209 3624 medio
1231 3545 1272 3619 nl

283 3685 532 3758 progressum
549 3661 642 3733 lucie
659 3661 924 3758 eimrclfnclnm
939 3662 977 3733 in
989 3663 1165 3750 secundo,
1177 3659 1268 3734 lnbe-

290 3773 344 3846 tit
360 3775 513 3846 eandem
530 3774 714 3847 rationem
731 3775 769 3845 in
784 3800 856 3846 nnn
876 3773 1122 3849 inclinatione
1133 3771 1267 3873 quanin

290 3887 429 3961 altera.

291 4026 374 4100 Sint
392 4027 473 4099 duae
489 4026 662 4124 quaelibet
679 4025 938 4099 inclinationes
953 4027 1155 4113 radiorum,
1170 4023 1225 4098 AC
1237 4030 1264 4090 et

240 4165 298 4229 ac,
315 4141 354 4213 in
372 4140 517 4235 anguiis
541 4139 693 4213 diversis
712 4139 809 4212 ACB
828 4152 866 4211 et
884 4138 965 4228 acl,
984 4140 1032 4212 ad
1058 4141 1202 4236 planum
1221 4131 1263 4218 cl,

241 4256 328 4338 CB3
355 4279 378 4326 a
393 4255 542 4350 punctis
569 4265 692 4326 autem
717 4251 750 4340 b,
766 4253 809 4342 B,
828 4251 1013 4325 ducantur
1031 4253 1084 4350 Ψ,
1104 4254 1163 4326 BF
1178 4259 1262 4322 recta

240 4367 351 4441 radiis
369 4394 426 4453 nc,
441 4367 508 4441 Ac
526 4367 721 4463 parallelae,
739 4367 967 4463 sumptisque
994 4367 1033 4439 iu
1058 4367 1111 4464 Ψ,
1130 4366 1186 4440 BF
1203 4381 1261 4434 rec·

704 4606 721 4640 “
745 4603 803 4665 Sic.
