2692 4792
172 133 218 210 72
336 153 557 203 nocentum
578 151 852 202 wnumsmnm
875 152 928 201 nn
950 152 1071 203 noro

67 367 73 381 ·
110 367 116 380 ·
170 321 268 407 tur*,
282 343 405 392 nonne
420 333 645 392 momentum
661 322 739 415 ejus
757 320 854 391 idem
872 319 1040 417 estquod
1053 320 1213 416 pondus?

169 433 285 509 Terra
301 443 427 505 autem
443 433 598 529 ponderi
621 434 712 506 nihil
727 433 870 523 aufert,
888 456 1009 529 neque
1036 457 1128 530 ergo
1145 460 1218 508 mo-

170 557 296 619 mento
311 577 321 630 3
347 569 466 642 neque
484 546 602 635 addit,
619 571 740 643 neque
758 548 956 643 quicquam
980 548 1020 620 in
1038 572 1129 622 sano
1148 550 1219 623 effi-

171 659 236 749 cit,
269 673 518 756 praeterquam
552 660 651 756 quod
685 672 827 734 motum
861 661 1077 734 ulteriorem
1112 663 1220 736 tollit.

172 772 369 848 Quomodo
381 796 469 868 ergo
482 774 699 870 accipienda
709 786 797 848 sunt
809 775 918 848 ambo
932 797 999 871 pro
1013 775 1221 850 momento?

172 886 270 959 Nam
298 886 330 959 si
360 897 461 961 terra
478 886 625 979 dicatur
654 898 883 961 momentum
910 888 1047 961 habere
1065 912 1223 978 sursum,

171 1023 244 1096 quo
270 1009 497 1073 momentum
523 999 695 1073 deorsum
720 1000 876 1091 minuat,
905 999 1049 1074 dicetur
1077 1025 1223 1099 quoque

170 1112 307 1185 habere
325 1112 364 1185 in
381 1135 421 1185 se
437 1113 512 1185 vim
536 1111 707 1186 movendi
735 1136 892 1186 sursum.
938 1113 1053 1189 Quod
1077 1125 1138 1188 est
1161 1115 1222 1188 ab·

171 1223 334 1299 surdum.
399 1224 499 1300 Quid
534 1248 623 1322 ergo
659 1237 847 1299 momento
883 1239 922 1299 et
954 1226 1222 1323 impedimento

171 1337 400 1436 conjunctim
426 1338 663 1412 tribuendum
686 1352 754 1428 est,
772 1340 891 1436 majus
906 1363 1016 1436 quam
1033 1352 1222 1414 momento

171 1451 240 1525 soli
256 1449 500 1524 attribuitur?
549 1451 661 1525 Quod
678 1452 794 1540 addit,
812 1463 851 1526 et
864 1462 968 1526 tanto
987 1463 1154 1551 quantus
1171 1463 1224 1526 eat

164 1563 431 1663 praepollentia
453 1588 639 1653 excessua,
663 1564 898 1639 falsissimum
921 1577 990 1639 est.
1043 1566 1147 1641 Nam
1171 1591 1223 1642 se-

171 1688 346 1774 queretur
362 1678 449 1751 inde
469 1678 529 1771 (ut
545 1677 593 1751 ad
610 1701 716 1775 prop.
734 1679 809 1752 viii.
824 1691 1012 1753 ostensum
1030 1681 1105 1773 est)
1127 1680 1224 1778 quod

170 1805 270 1865 terra
288 1803 443 1864 conatur
461 1815 606 1865 sursum
622 1793 679 1866 bis
696 1805 803 1866 tanto
820 1805 979 1890 quantus
996 1804 1055 1868 est
1071 1806 1223 1869 conatus

171 1906 249 1979 saxi
263 1905 312 1979 ad
329 1916 498 1978 centrum
515 1918 637 1979 terrae.

222 2016 585 2092 Demonstrationem
610 2043 656 2093 ex
687 2043 732 2093 eo
760 2018 876 2108 ducit,
908 2018 1008 2115 quod
1039 2021 1225 2107 contraria

171 2133 270 2205 iuter
287 2155 326 2205 se
345 2142 432 2205 suut
449 2143 677 2205 momentum
694 2143 732 2206 et
752 2132 1061 2227 impedimentum
1076 2165 1087 2218 ς
1117 2156 1224 2207 causa

173 2256 216 2317 ut
229 2244 289 2333 sit,
308 2267 418 2317 causa
433 2255 478 2317 ut
494 2268 569 2317 non
588 2246 652 2318 sit:
681 2244 781 2342 quod
798 2257 855 2318 est
871 2245 1015 2319 falsum.
1070 2246 1222 2321 Contra·

173 2357 219 2429 rii
236 2356 334 2430 enim
353 2367 441 2429 sunt
458 2355 532 2429 duo
550 2368 672 2430 motus
690 2357 736 2429 ab
755 2355 920 2452 ejusdem
937 2370 1052 2431 reetae
1070 2358 1225 2432 diversis

174 2468 342 2542 terminis
372 2481 659 2543 concurrentes:
685 2493 771 2542 nam
799 2483 921 2543 motus
950 2481 989 2544 et
1015 2472 1122 2567 quies
1152 2495 1225 2545 non

174 2593 411 2679 opponuntur
428 2581 626 2671 contrarie,
640 2581 706 2656 sed
720 2583 913 2678 privative.
941 2583 1055 2660 Quod
1067 2584 1224 2684 denique

174 2695 303 2792 adjicit
341 2705 528 2789 postremo
574 2695 669 2785 loco,
710 2705 857 2769 comtat
897 2698 1143 2796 propositam
1181 2724 1225 2773 ea

169 2831 286 2906 prop.
310 2806 385 2896 viii,
409 2808 522 2881 etiam
549 2808 681 2882 falsum
710 2818 784 2882 est:
811 2832 898 2882 nam
927 2820 1100 2886 octavam
1127 2812 1225 2886 illam

175 2920 471 2995 manifestissime
489 2922 643 3017 probavi
660 2946 739 2996 esse
758 2922 898 2997 falsam.

225 3034 346 3106 Causa
362 3034 533 3109 falsitatis
550 3047 643 3124 erat,
660 3035 761 3132 quod
786 3036 885 3111 idem
901 3060 981 3111 esse
999 3039 1147 3114 censuit
1163 3040 1225 3113 im·

174 3146 427 3244 pedimentum
445 3163 483 3223 et
505 3150 775 3223 resistentiam:
802 3175 1014 3249 quanquam
1040 3153 1122 3248 ipse
1139 3153 1226 3229 defi-

174 3260 295 3333 nierat
311 3261 436 3355 (male)
457 3263 764 3358 impedimentum
781 3288 860 3337 esse
884 3264 924 3337 id
941 3266 1042 3363 quod
1059 3268 1225 3364 impedit,

174 3387 213 3449 et
230 3374 477 3448 resistentiam
493 3376 651 3469 (melius,
670 3400 714 3450 ex
732 3376 826 3451 libro
840 3401 923 3451 meo
944 3401 997 3452 nn
1017 3401 1225 3470 conpone,

176 3510 256 3582 cap.
275 3511 334 3560 xv.
352 3497 421 3561 art.
441 3497 477 3561 2.
495 3512 650 3563 numero
668 3495 705 3584 3)
721 3491 926 3586 potentiam
944 3493 1063 3566 motui
1081 3506 1225 3569 contra·

176 3599 280 3672 riam.
340 3599 383 3673 Id
417 3624 563 3698 quoque
596 3602 717 3676 minus
751 3617 924 3678 accurate
958 3630 1070 3702 quam
1104 3607 1227 3681 decuit

175 3727 416 3809 geometram.
489 3714 659 3788 Potentia
681 3716 779 3788 enim
807 3717 907 3790 actui
935 3720 1125 3795 contraria
1151 3743 1227 3796 esse

176 3850 252 3900 non
269 3839 404 3923 potest.

427 3990 509 3997 ..-.--
515 3991 629 3998 .-.-.....
641 3992 728 3999 .—.—..
738 3993 878 4000 ——-.
888 3995 894 3999 .
908 3994 1229 4006 ...ψ-ψ

391 4079 407 4113 ’
432 4076 481 4139 Sic
495 4079 563 4140 adit.
584 4078 668 4138 1671.
713 4078 817 4150 Quaere
831 4080 999 4138 innitatur?
