2656 5136
173 657 246 724 202
403 672 624 727 Purrtclm
643 672 696 727 BT
713 672 1000 728 anonumum

11 865 59 906 aa
70 866 114 905 x1.
172 848 394 930 straverunt,
405 841 472 915 sed
488 840 611 938 logica
625 840 787 915 naturali
799 840 1000 917 veritatem
1014 836 1214 913 futurorum

0 992 146 1038 dmm
172 975 326 1047 operum
343 953 610 1049 praevidebant,
623 976 835 1051 quanquam
850 953 914 1028 alii
930 962 1067 1051 postea
1082 951 1214 1026 rudore

8 1071 39 1100 ⁶·
172 1064 213 1136 id
227 1064 398 1139 fecerunt
413 1090 459 1140 eo
476 1067 600 1140 animo
625 1078 670 1141 ut
695 1065 900 1141 multorum
922 1064 1072 1141 animos
1092 1063 1142 1139 ad
1163 1086 1215 1137 re-

170 1201 254 1250 rum
271 1178 417 1252 utilium
431 1180 683 1255 inventionem
696 1180 916 1255 excitarent.
954 1176 1214 1277 Proportiones

171 1313 319 1386 quoque
338 1292 499 1388 quinque
525 1315 725 1389 corporum
753 1291 995 1389 regularium,
1016 1303 1064 1366 ut
1088 1290 1129 1365 in
1145 1290 1214 1388 epi-

168 1416 376 1497 grammate
405 1406 535 1479 Graeeo
563 1404 682 1479 veteri
714 1404 864 1502 legitur,
893 1404 1043 1480 invenit
1077 1403 1214 1501 quiden

170 1516 410 1613 Pythagoras,
423 1517 692 1592 demonstravit
703 1529 828 1591 autem
838 1517 958 1606 Plato,
969 1528 1010 1591 et
1023 1516 1214 1615 pontillum

138 1718 140 1723 Ι
172 1630 304 1721 (Elem.
316 1630 372 1723 iii)
388 1630 571 1705 Euclides.
624 1630 788 1705 Platonis
806 1628 1081 1703 demonstratio
1097 1628 1213 1703 nuto*

169 1754 284 1816 extat.
338 1743 467 1840 ltaque
490 1742 687 1817 commoda
709 1741 773 1816 illa
794 1742 950 1816 inventa
970 1741 1142 1839 pluribus
1164 1741 1214 1815 iu·

167 1857 398 1945 ventoribus,
417 1880 574 1952 quorum
603 1855 754 1930 nomina
782 1854 911 1952 paucis
936 1855 1109 1953 exeeptis
1124 1877 1212 1929 nune

167 1970 323 2065 periere,
351 1968 553 2044 debemus:
585 1992 663 2043 non
693 1966 1072 2043 demonstratoribus.
1123 1966 1212 2043 Quid

167 2105 269 2178 ergo,
281 2082 470 2156 inutilisne
487 2094 546 2155 est
562 2079 855 2155 demonstratio?
895 2079 1058 2155 Minime
1074 2078 1211 2178 quidem

167 2196 238 2269 illis
256 2195 320 2291 qui
334 2194 537 2268 docentur:
561 2194 686 2269 dooeri
699 2206 824 2269 autem
841 2217 917 2268 non
934 2216 1088 2291 maguae
1103 2192 1210 2269 laudis

166 2331 247 2381 esse
264 2308 436 2397 arbitror,
455 2330 667 2405 quanquam
681 2306 804 2404 ipsum
821 2306 970 2396 dooere,
987 2306 1105 2383 modo
1120 2320 1209 2383 reete

167 2432 205 2493 et
217 2421 296 2493 sine
310 2421 493 2510 mercede,
503 2421 747 2495 honorificum
761 2420 822 2494 sit.
862 2420 937 2493 Sed
952 2421 1207 2497 demonstratio

165 2534 330 2607 scientiae
354 2534 508 2630 alicujus
534 2535 666 2631 amplae
690 2545 727 2607 et
749 2546 859 2607 autea
884 2533 1081 2630 ignoratae,
1099 2558 1206 2609 noune

164 2670 338 2741 magnam
362 2660 526 2720 meretur
549 2646 735 2743 gratiam?
787 2647 867 2721 Ita:
894 2647 962 2721 sed
980 2648 1046 2744 qui
1068 2648 1110 2721 id
1124 2648 1204 2722 feee-

167 2759 229 2847 rit,
241 2759 387 2833 utilium
406 2760 662 2834 inventoribus
676 2760 976 2834 adnumerandus
990 2772 1061 2835 est.
1097 2762 1204 2858 Atque

167 2874 215 2946 ob
233 2873 329 2947 hane
348 2898 496 2947 causam
513 2874 669 2948 debetur
685 2874 830 2947 Euclidi
846 2874 981 2970 gratia,
996 2875 1062 2970 qui
1079 2875 1202 2949 metio

168 2985 256 3059 dum
270 2986 561 3076 demonstrandi,
571 2987 610 3060 id
627 2999 685 3061 est
696 2988 791 3060 bene
804 2987 1067 3077 ratiocinandi,
1079 2985 1199 3064 mundo

166 3099 336 3173 exhibuit
365 3100 529 3174 omnium
558 3101 712 3196 primus.
764 3101 948 3175 Maximus
975 3102 1127 3199 quidem
1150 3101 1199 3174 de·
1246 3124 1248 3161 :

165 3213 245 3286 beri
262 3214 401 3310 gratias
420 3214 659 3287 consentiunt
677 3238 804 3288 omnes
821 3214 904 3304 illis,
922 3215 989 3309 qui
1006 3215 1198 3289 homiuibus
1245 3172 1248 3311 l

166 3327 340 3400 authores
367 3327 478 3424 primi
512 3338 617 3400 eraut
647 3338 689 3400 ut
716 3351 756 3401 se
786 3328 1048 3402 consociarent
1081 3329 1197 3423 unique
1246 3318 1248 3435 l

164 3441 342 3535 potestati
369 3464 522 3514 summae
552 3440 702 3514 obedire
731 3441 829 3514 iuter
859 3464 899 3514 se
925 3441 1197 3537 paciscerentur.
1245 3442 1248 3533 l

166 3554 355 3627 Proximus
377 3554 521 3628 habebo
543 3554 626 3643 illis,
650 3554 713 3651 qui
741 3554 889 3628 eosdem
910 3555 1082 3630 homines
1104 3564 1197 3653 parts
1245 3556 1248 3637 i

165 3689 232 3740 sua
248 3691 296 3740 ne
311 3667 450 3741 violare
466 3668 581 3741 velint
597 3667 884 3763 persuadebunt.
1245 3656 1248 3755 i

214 3779 340 3852 Tertio
357 3780 439 3853 looo
450 3780 496 3853 de
510 3779 823 3853 demonstratione
837 3780 1071 3877 interrogare
1084 3776 1197 3877 aliquis
1246 3792 1248 3819 ¹

164 3902 300 3987 potest,
326 3892 422 3989 quid
444 3893 506 3965 ait.
558 3892 922 3967 Demonstrationem
950 3894 1117 3991 plerique
1141 3913 1197 3966 nee
1246 3918 1248 3923 ·

163 4005 349 4080 immerito
375 4029 507 4079 vocare
535 4005 654 4080 solent
687 4006 858 4080 veritatis
892 4006 933 4079 in
967 4007 1198 4105 qualicnaqtt

158 4120 365 4216 quastione
397 4118 513 4194 dubio
545 4119 807 4219 probotioroem
840 4119 1057 4194 evidentem.
1115 4116 1196 4193 Satis

157 4235 259 4310 enim
287 4233 582 4309 demonstratum
603 4234 673 4307 sibi
696 4232 950 4329 uuusquisque
967 4245 1089 4329 putat,
1105 4232 1196 4328 eujus

156 4349 306 4425 animus
328 4348 373 4422 iis
400 4371 483 4445 quae
506 4348 556 4423 ad
583 4348 841 4445 probationem
868 4347 1081 4443 allegantur
1103 4346 1196 4444 plene

522 4598 540 4633 ¹
556 4597 606 4658 Sio
632 4597 701 4656 edit
719 4594 805 4655 1674.
