2656 5136
218 622 292 691 406
641 634 846 691 maronis

261 797 466 885 Principibus
480 797 584 879 licuit,
599 820 723 886 perque
735 799 857 867 referre
871 800 982 887 pori?

218 900 280 964 Pr.
303 897 381 963 Non
397 898 579 985 patiebatur
593 910 731 986 tempus.
777 898 914 985 Papalis
928 898 1075 968 aurudo

262 997 369 1062 Haesit
383 996 504 1063 crudeli
520 1021 584 1064 non
599 998 774 1083 quatienda
787 1021 901 1064 uranu.
1212 1004 1280 1067 214⁰

218 1096 299 1162 Post
313 1096 379 1161 haee
394 1096 587 1175 Wiceliffus,
602 1106 729 1183 regeret
743 1119 818 1162 cum
833 1097 959 1165 tertius
976 1099 1128 1189 Anglos

262 1196 451 1273 Edwardus‚
466 1194 580 1261 doctus
595 1195 742 1283 disputat
755 1194 917 1263 Oxoniae:

220 1294 380 1379 Pleraque
395 1295 540 1361 defuncti
554 1294 729 1361 defendens
742 1294 896 1383 dogmata
910 1296 1051 1379 waldi,

269 1393 412 1480 Ingeniis
425 1394 523 1461 rectis
536 1395 665 1461 vincere
678 1396 766 1461 rbus
780 1406 859 1461 erat

219 1492 365 1578 Moxque
380 1494 426 1560 rei
440 1504 540 1581 gestae
555 1495 728 1562 commovit
741 1495 827 1561 fama
840 1494 1026 1577 Bolrernos,

264 1592 361 1659 Unde
376 1605 483 1660 ortum
497 1594 617 1660 bellurn
631 1606 681 1661 est
695 1594 877 1663 lraereticsle
892 1619 1035 1665 novum.

221 1692 368 1758 Perdidit
382 1693 548 1759 haereticos
562 1694 692 1760 tandem
706 1693 841 1761 victoria
854 1696 984 1775 crebra,

263 1792 502 1877 Pontifieesque
516 1793 609 1859 auxit
622 1794 714 1859 miles
728 1794 883 1879 utrinque
897 1794 1036 1865 cadens.

220 1892 284 1957 800.
311 1890 374 1959 Sed
389 1893 487 1959 miror
501 1892 642 1978 potuisse
656 1892 801 1959 homines
814 1904 866 1959 tot
880 1894 922 1959 ad
936 1918 1038 1965 arma
1053 1900 1175 1979 vocari

264 1991 453 2057 Iloereticos.
499 1990 606 2057 Nemo
620 1992 691 2079 lege
705 2002 835 2058 coaetus
849 2002 931 2059 erut.
1207 2002 1277 2065 21⁶⁰

220 2091 256 2157 N
258 2115 303 2169 ec,
320 2102 408 2178 puto,
421 2114 498 2157 eura
512 2091 577 2157 suit
590 2091 722 2157 sineerae
736 2090 924 2177 relligionis,

263 2191 315 2256 De
331 2214 395 2276 qua
410 2214 539 2257 securus
552 2191 692 2257 rusticus
706 2214 774 2259 esse
789 2191 879 2258 solet.

221 2290 338 2356 Paucis
354 2290 434 2356 seire
448 2290 544 2355 datur
558 2290 742 2357 Verborum
757 2314 851 2357 sensa
867 2290 1051 2361 Sacrorum
1064 2320 1076 2375 ς

265 2389 343 2455 Uno
358 2400 502 2475 emptum
519 2389 603 2469 (sine
617 2394 668 2475 re)
682 2390 772 2468 seire,
788 2412 848 2455 nec
862 2413 943 2468 usse,
960 2393 1086 2462 velint.

222 2488 334 2576 Vulgo
349 2489 439 2553 nulla
452 2489 528 2553 mali
542 2500 618 2555 nota
632 2502 682 2555 cst
696 2513 845 2556 mensura
859 2490 1028 2576 bonique:

265 2588 289 2652 J
291 2589 357 2653 uris
371 2599 405 2654 et
420 2588 530 2672 injusti
545 2590 674 2655 nomina
689 2590 755 2655 sola
770 2600 891 2654 tenent.

222 2686 247 2753 J
250 2697 356 2751 ustum
373 2688 509 2771 quisque
524 2700 627 2765 vocat,
644 2688 796 2773 quiequid
813 2698 886 2753 tuto
901 2688 985 2755 facit
999 2690 1097 2779 ipse:

267 2786 363 2869 Quod
378 2787 500 2873 patitur
514 2788 634 2865 nolens,
650 2788 682 2852 id
698 2800 792 2873 putat
806 2810 874 2853 esse
890 2787 993 2855 nefas.

224 2885 329 2972 Impia
339 2898 546 2973 sumpserunt
561 2887 594 2951 in
613 2911 703 2973 reges
718 2910 794 2973 ergo
809 2886 949 2952 lloherni

266 2985 371 3050 Arma
385 3009 458 3051 suos
473 2987 575 3059 stulti,
591 3010 649 3052 nee
664 2987 819 3073 placitura
834 2985 915 3051 Deo.
1200 2998 1275 3060 2160

222 3086 282 3150 Pr.
306 3085 378 3151 Nec
394 3086 540 3172 placuere
555 3085 645 3161 Deo;
669 3086 726 3171 qui
740 3086 845 3150 lucem
859 3086 996 3154 reddere
1011 3092 1145 3160 mundo

264 3187 355 3273 Lege
370 3196 460 3271 parat
471 3187 569 3271 justa,
585 3209 649 3250 non
664 3185 775 3271 populi
790 3184 925 3249 facibus.

222 3284 423 3351 Wieeliffum
438 3284 520 3348 texit
536 3284 615 3348 Dux
631 3283 882 3361 Lancastrensis,
899 3295 934 3349 et
948 3284 1040 3352 idem

265 3384 406 3469 Insignis
421 3383 523 3448 fastus
538 3383 712 3468 spiritualis
727 3405 809 3448 osor.

224 3483 319 3552 Secta
333 3495 439 3547 tarnen
456 3482 582 3559 mansit,
598 3482 886 3563 Lollardorumque
898 3492 1016 3548 vocata
1030 3495 1107 3552 est:

265 3584 394 3648 Territa
408 3582 463 3647 sed
479 3581 566 3646 duris
581 3581 706 3665 legibus
721 3578 867 3645 obticuit.

223 3681 309 3747 Nam
325 3681 399 3744 Rex
415 3680 586 3755 Hannone,
603 3701 661 3743 rex
675 3680 730 3744 illo
745 3677 873 3743 nomine
889 3690 1038 3761 quartus,

267 3780 412 3864 Adjutus
426 3779 536 3865 populi
552 3790 677 3864 sceptra
691 3778 799 3843 favore
814 3776 918 3861 rapit:

223 3878 446 3963 Invidiamque
462 3879 571 3944 volens
586 3878 662 3943 cleri
678 3879 811 3964 placare,
828 3876 916 3960 quod
931 3876 1037 3944 hostis

266 3977 453 4043 Vorticibus
469 3979 546 4043 rasis
562 3978 640 4042 Dux
655 3989 746 4063 pater
761 3979 830 4061 ejus
845 3986 923 4053 erat,
1201 3986 1276 4047 2170

224 4076 394 4144 Haereticis
408 4078 525 4142 nostris
548 4075 804 4141 l‘'t’·e·i·comlm·ia¹
821 4074 942 4139 festum

267 4178 357 4264 Lege
371 4178 458 4243 dedit
474 4177 613 4264 primus:
639 4177 827 4261 expediebat
842 4175 938 4240 enim.

224 4276 289 4345 Sed
304 4288 376 4363 post
391 4288 519 4342 centum
535 4298 645 4351 annos,
661 4274 784 4340 decimo
800 4274 948 4359 l'apante
966 4274 1091 4354 Leone,

268 4376 335 4443 Sub
351 4378 443 4443 Duce
461 4375 618 4442 Saxonico
635 4373 784 4459 Principe
800 4373 955 4457 legitimo,

586 4574 593 4603 ¹
614 4572 693 4645 [l'ide
705 4570 910 4639 Gadamarta]
