2656 5136
193 610 265 675 386
610 618 811 673 maronia

235 784 324 869 Quid
340 782 464 850 faciunt
477 804 555 869 ergo
569 790 620 847 tot
634 779 847 847 simulachra?
891 780 1054 851 Monent-

193 885 290 969 Quod
305 884 368 950 suit
381 882 457 950 olim
474 881 612 968 Serpens
626 878 754 947 AEncus
769 880 937 961 Israelitis,

236 986 351 1068 Atque
368 978 532 1049 Sacerdoti
546 980 632 1065 quod
648 978 853 1047 Cherubinne
865 990 951 1060 erat,

192 1084 300 1173 (Ante
315 1084 395 1160 illos,
411 1080 617 1165 Dominoque
630 1079 775 1158 authore,
789 1082 935 1167 precatio
949 1082 1045 1149 saeta
1058 1084 1142 1169 cst),

238 1183 313 1249 Hoc
327 1193 437 1248 sancto
453 1178 563 1247 Sancti
577 1188 710 1266 praestat
723 1179 829 1268 imago
842 1180 924 1247 viro.

194 1285 254 1350 Pr.
277 1282 417 1348 Difficile
431 1302 500 1347 esse
514 1289 608 1366 putas
622 1278 754 1357 homini,
769 1280 951 1366 presertim
965 1280 1096 1359 idiotae,

240 1380 378 1449 Credere
392 1380 427 1445 in
441 1378 546 1466 effigie
559 1400 652 1465 posse
665 1376 766 1444 latere
780 1377 915 1444 Deum?

196 1480 355 1544 Naturam
370 1478 542 1544 humanam
555 1476 691 1541 nimium
704 1476 827 1543 nescire
841 1477 971 1545 rideris.

240 1578 379 1645 Credere
392 1576 500 1659 (crede
513 1574 609 1649 mihil
625 1575 784 1661 quidlibet
797 1576 852 1643 illc
865 1588 985 1663 potest.
1176 1582 1253 1643 139⁰

197 1678 282 1745 Nam
299 1676 394 1743 simul
408 1699 445 1742 ac
458 1674 620 1742 hominem
634 1674 776 1761 possedit
789 1696 867 1741 cura
879 1676 988 1742 futuri

240 1776 418 1863 Temporis,
433 1776 501 1862 ipse
515 1796 609 1841 suum
622 1773 848 1860 consuluitque
861 1786 1007 1842 metum:

198 1876 337 1946 Credere
351 1898 471 1962 pronus
484 1874 547 1941 erit
560 1896 649 1961 spem
663 1873 921 1959 qualemcunque
935 1874 1073 1953 ferenti,

241 1978 356 2061 Atque
371 1973 463 2058 sequi
476 1972 595 2039 multos
609 1994 675 2057 qua
688 1972 775 2039 videt
790 1972 848 2038 ire¹
864 1973 927 2039 via.

199 2076 382 2146 Credebant
396 2072 521 2141 Gentes
535 2070 679 2137 babitare
693 2071 727 2135 in
741 2071 881 2159 imagine
895 2094 1035 2139 numen.

242 2178 298 2241 An
312 2174 419 2238 minus
433 2172 561 2239 illorum
574 2180 626 2237 est
638 2170 747 2237 vivida
760 2182 870 2237 nostra
883 2171 989 2239 fides?

200 2274 296 2359 Quod
311 2270 502 2339 simulachra
515 2280 657 2349 monent,
671 2269 760 2336 color
773 2281 822 2336 est
837 2292 856 2337 e
869 2271 994 2358 pyxide
1009 2268 1132 2340 Circes

244 2372 410 2459 Sumptus,
425 2381 460 2437 et
473 2369 558 2437 idolo
572 2369 706 2437 cuilibet
720 2378 815 2456 aptus
829 2370 899 2436 erit

200 2473 260 2538 Nil
274 2471 352 2537 facit
366 2469 548 2555 exemplum
565 2466 739 2554 Serpentis,
755 2491 816 2535 ncc
830 2468 1020 2549 (lhembini,

245 2572 336 2654 Quos
350 2569 419 2634 fieri
434 2579 467 2634 et
483 2568 581 2633 statui
591 2568 732 2653 jusserat
746 2568 813 2654 ipsc
828 2568 929 2635 Deus.
1181 2574 1260 2635 1400

202 2670 340 2756 Respice
354 2668 539 2733 mandatum
556 2667 696 2733 Domini.
735 2666 844 2733 “Tibi
858 2666 1041 2752 sculptile”‚
1057 2669 1163 2747 dixit,

245 2766 359 2833 “Non
375 2766 502 2833 saciea''
546 2765 691 2851 Populus
706 2766 826 2832 fecerat
839 2765 894 2830 illa
908 2765 992 2832 Deo.

204 2867 368 2937 Cessantis
383 2865 544 2952 quondam
561 2864 677 2950 pluviae
693 2865 821 2951 signum
835 2864 900 2930 fuit
914 2864 1000 2943 Iria3

248 2966 358 3035 Sanati
373 2988 497 3031 morsus
511 2987 620 3030 aencus
635 2964 687 3031 illc
700 2964 816 3030 Draco.

204 3071 270 3133 Sec.
295 3065 366 3131 Nec
381 3064 464 3130 colui
480 3062 680 3140 simulachra,
695 3086 755 3129 nec
770 3086 837 3129 esse
852 3063 986 3130 colenda
999 3068 1167 3152 putabam
1180 3092 1190 3143 ς

248 3167 407 3231 Attamen
423 3186 553 3229 assensu
567 3163 662 3228 laetus
676 3164 771 3230 abibo
785 3174 852 3229 tuo.

206 3266 402 3350 Persequere
418 3263 598 3348 inceptum:
616 3263 733 3347 quibus
747 3264 877 3349 insuper
891 3262 1016 3329 artibus
1032 3266 1087 3330 usi

252 3365 336 3432 Sunt
351 3364 540 3438 Piscatores,
554 3362 665 3427 ordine
680 3384 824 3447 quasque
835 3362 927 3427 refer.

206 3466 266 3529 Pr.
290 3464 353 3529 Est
367 3463 453 3527 aliud
468 3485 570 3547 genus
586 3461 661 3527 idoli
676 3463 826 3527 subtilius
841 3461 928 3527 omni

251 3562 398 3639 Materia,
415 3561 503 3646 quali
518 3561 584 3626 vita
599 3584 705 3627 carere
721 3562 854 3647 nequit:

209 3664 298 3728 Aere
312 3661 495 3746 simplicius,
511 3661 660 3725 subtilius
675 3661 794 3726 aethere
808 3683 907 3746 puro3

254 3762 289 3825 M
292 3760 395 3835 obile;
419 3759 473 3825 sed
489 3759 577 3825 nullo
593 3761 679 3845 quod
695 3771 794 3844 queat
806 3782 876 3825 esse
890 3759 969 3823 loco.

210 3859 344 3925 Talibus
358 3858 450 3924 idolis
465 3880 530 3923 non
544 3867 594 3923 est
613 3859 810 3925 macilentior
824 3859 956 3924 umbra:

252 3959 404 4042 Namque
418 3967 548 4043 patente
562 3958 654 4023 oculo
668 3958 811 4024 cernitur
826 3958 939 4022 umbra
954 3955 1059 4043 nigra

212 4059 272 4123 Illa
286 4057 370 4122 idola
384 4056 483 4121 oculis
497 4079 660 4142 nunquam
677 4068 853 4123 cernuntur
867 4054 998 4142 apertis,

257 4156 320 4223 Sed
335 4166 460 4221 tantum
475 4156 600 4233 clausis,
615 4157 801 4223 attonitisve
817 4168 915 4222 metu.

213 4256 305 4321 Sicut
319 4255 445 4321 subtilis
461 4255 561 4341 magis
576 4266 625 4321 cst
640 4257 796 4343 sapientia
811 4279 867 4342 per
882 4278 925 4331 sc,

257 4356 363 4437 Quam
379 4355 547 4441 quisquam
563 4356 697 4442 sapiens,
713 4380 748 4423 re
763 4356 953 4439 bonitasque
967 4354 1076 4422 bona:

575 4557 583 4587 ¹
604 4556 669 4627 [Sic.
707 4558 803 4620 Quane
816 4554 891 4622 irad]
