2656 5136
185 643 259 708 310
600 659 815 713 PRAEFATIO

234 823 422 913 Similiter,
445 835 567 898 motus
594 850 703 924 quem
731 824 805 900 duo
833 849 992 922 corpora
1022 824 1151 898 collisa
1173 824 1237 898 vel

184 954 294 1038 rupta
306 942 534 1038 iaciunt,per
546 967 669 1017 aerem
682 957 909 1040 propagatur
923 943 970 1016 ad
981 943 1237 1032 aurem,hinc-

183 1079 254 1151 que
272 1079 340 1151 per
365 1078 499 1129 nervos
524 1057 572 1131 ad
598 1058 804 1145 cerebrum,
822 1069 860 1131 et
877 1057 925 1130 ad
943 1081 1030 1131 cor:
1059 1068 1096 1130 et
1114 1057 1168 1130 ita
1186 1056 1236 1131 de

182 1168 333 1264 reliquis
357 1170 511 1265 objectis
534 1170 692 1244 aliorum
717 1194 904 1257 sensuum,
926 1195 1081 1267 quorum
1108 1183 1236 1245 motus

182 1281 247 1355 ubi
273 1306 338 1355 cor
360 1285 566 1381 attigerint,
584 1284 615 1357 si
632 1295 774 1358 motum
799 1284 896 1357 illius
913 1284 1062 1357 vitalem
1084 1285 1234 1381 juvant,

182 1397 352 1491 voluptas
365 1397 542 1486 nascitur,
556 1396 587 1470 si
600 1396 636 1469 ei
652 1408 823 1488 noceant,
841 1397 958 1470 dolor.
993 1397 1087 1470 Cum
1104 1409 1235 1472 autem

181 1508 222 1581 id
240 1510 340 1606 quod
357 1510 498 1606 patitur
514 1521 656 1607 reagat,
674 1521 713 1583 et
730 1510 888 1601 resistat,
906 1523 1031 1583 motus
1049 1510 1171 1584 cordis
1187 1512 1235 1585 fit

181 1624 520 1712 versuscerebrum,
531 1623 691 1720 indeque
699 1624 877 1697 innervos
885 1647 1000 1720 usque
1009 1624 1056 1697 ad
1064 1625 1235 1720 eorporis

183 1737 415 1832 superficiem
426 1748 630 1826 externam,
640 1736 739 1809 unde
750 1736 971 1832 phantasma
984 1737 1114 1826 oritur,
1128 1738 1234 1835 quod

182 1861 239 1953 est
264 1860 388 1923 motus
412 1849 452 1923 in
477 1849 643 1939 cerebro,
660 1847 749 1923 lieet
773 1849 891 1922 instar
911 1849 966 1922 rei
983 1861 1146 1923 externae
1164 1875 1232 1947 ap-

181 1974 322 2057 pareat,
336 1986 446 2060 quam
462 1972 706 2058 repraesentat
722 1962 785 2035 ubi
802 1974 966 2035 nonest:
985 1975 1029 2036 ut
1046 1964 1234 2061 contingit

181 2097 266 2147 oum
283 2075 399 2150 stellae
415 2074 455 2149 in
472 2074 636 2172 aquave]
655 2075 805 2171 speculo
822 2075 1006 2166 videntur,
1021 2088 1059 2148 et
1075 2099 1147 2148 vox
1164 2077 1233 2151 ubi

181 2186 285 2262 echo.

230 2301 286 2373 Ex
303 2299 361 2373 his
373 2310 497 2374 autem
513 2298 833 2397 phantasmatibus
846 2323 911 2374 seu
928 2301 1089 2374 motibus
1106 2300 1231 2398 ipsum

180 2413 373 2486 sentientis
398 2435 533 2509 corpus
559 2424 739 2505 movetur,
758 2424 869 2508 atque
887 2413 980 2486 adeo
1005 2426 1126 2486 motus
1147 2417 1231 2488 ani-

180 2526 286 2599 malis
303 2527 430 2600 oritur.
485 2526 611 2599 Motus
629 2536 752 2598 autem
771 2526 824 2598 illi
842 2550 917 2598 non
935 2527 1121 2616 desinunt,
1139 2528 1231 2603 licet

180 2641 325 2735 objecta
350 2664 425 2712 non
451 2653 565 2735 agant
590 2638 762 2734 amplius:
791 2639 1089 2736 quandoquidem
1109 2654 1152 2713 ut
1178 2644 1230 2716 ad

179 2766 321 2827 motum
337 2752 622 2850 imprimendum
636 2776 749 2849 agens
767 2755 1015 2826 necessarium
1033 2767 1099 2842 est,
1117 2755 1170 2827 ita
1189 2769 1230 2829 et

179 2866 227 2939 ad
244 2879 386 2940 motum
404 2866 655 2940 auferendum.
700 2867 830 2963 Neque
844 2878 965 2939 motus
982 2867 1170 2963 spiritibus
1190 2882 1229 2941 et

179 2979 351 3075 sanguini
367 2981 564 3076 impressos
583 2979 783 3076 quidquam
806 2980 989 3075 extinguit
1013 2980 1084 3051 nisi
1102 2993 1228 3055 motus

179 3095 395 3183 contrariae,
410 3094 527 3191 qualis
544 3093 670 3167 forsan
688 3095 904 3190 agravitate
918 3093 1107 3181 oriundae,
1126 3107 1169 3166 ut
1187 3096 1228 3169 in

179 3231 276 3304 aqua
294 3208 478 3303 contingit
494 3231 604 3303 quam
623 3208 769 3304 lapillus
786 3208 823 3280 in
843 3209 970 3279 orbem
989 3208 1200 3281 commovit.

229 3321 323 3394 Cum
349 3335 474 3394 autem
501 3322 667 3418 pluribus
694 3322 856 3394 motibus
881 3322 1073 3393 cerebrum
1097 3331 1135 3393 et
1160 3346 1228 3396 cor

178 3436 377 3532 agitentur,
391 3449 512 3509 motus
526 3436 588 3532 qui
606 3435 818 3508 dominatur
834 3458 994 3529 praesens
1009 3435 1229 3530 phantasma

178 3548 252 3622 diei
269 3560 414 3645 potest:
442 3548 553 3645 quod,
572 3548 660 3621 dum
678 3549 865 3643 objectum
882 3547 971 3641 agit,
987 3547 1139 3620 diversis
1157 3573 1228 3620 no-

178 3662 338 3735 minibus
352 3663 460 3757 juxta
477 3661 730 3734 diversitatem
750 3684 973 3756 organorum
993 3660 1225 3755 exprimitur.

180 3774 219 3847 Si
245 3775 343 3847 enim
369 3786 492 3847 motus
518 3775 560 3846 fit
584 3797 651 3870 per
666 3772 827 3860 oculum,
854 3772 989 3845 dicitur
1014 3773 1137 3845 lumen
1165 3778 1227 3848 vel

178 3887 296 3961 color:
314 3888 345 3960 si
362 3911 429 3984 per
446 3911 584 3976 aurem,
602 3911 712 3960 sonus
734 3899 824 3959 ete:
851 3887 881 3959 si
898 3910 964 3981 per
981 3888 1146 3983 eorporis
1164 3911 1226 3962 su-

177 4001 376 4098 perficiem,
401 4000 571 4089 calidum,
588 3999 775 4095 frigidum,
794 3999 897 4087 laeve,
912 4024 1082 4096 asperum
1100 4013 1173 4073 etc.

229 4115 283 4188 Ut
299 4127 422 4188 autem
438 4114 519 4210 ipsa
541 4112 662 4210 passio
681 4112 817 4186 dicitur
834 4113 966 4201 sensio,
984 4113 1080 4185 idem
1100 4127 1225 4189 motus

178 4251 343 4317 manens,
377 4228 528 4301 absente
564 4224 721 4321 objecto,
757 4225 831 4298 dici
865 4225 959 4297 solet
993 4227 1224 4322 imaginatio,

178 4353 325 4438 sumpto
342 4341 491 4414 nomine
504 4340 550 4412 ab
564 4339 803 4435 imaginibus:
823 4337 910 4411 licet
927 4339 1025 4410 idem
1041 4363 1124 4411 cum
1139 4364 1224 4413 sen-

177 4457 280 4529 sione
304 4454 429 4544 fuerit,
447 4479 469 4527 a
486 4477 558 4551 qua
584 4453 702 4526 solum
720 4453 868 4526 differre
885 4451 1042 4541 videtur,
1062 4453 1160 4548 quod
1179 4479 1225 4527 ea

176 4568 410 4667 praesentiam
423 4565 559 4664 objecti
576 4567 750 4664 requirat.
787 4567 953 4661 Cumque
967 4579 1089 4640 motus
1103 4569 1224 4641 omnis
