2656 5136
121 617 191 682 344
578 627 803 680 rnnrarro.

121 815 221 880 tutus,
244 802 336 867 flores
357 812 391 867 et
413 801 576 889 pigmenta
589 802 713 889 poetica
727 801 816 889 parvi
830 800 916 875 fecit.
963 797 1000 863 N
1002 821 1046 865 on
1063 807 1176 863 tamen
1190 794 1265 881 qud

121 925 227 989 omnia
248 934 313 988 tam
336 923 426 1000 sicce,
449 933 516 987 tam
538 923 692 1010 religiose,
715 922 794 1006 quin
815 919 987 1005 aliquando
1009 919 1198 995 incalescat,
1218 915 1268 981 ali-

123 1044 250 1130 quando
265 1043 427 1106 illucescat
442 1042 496 1106 illa
517 1064 598 1105 mccc
613 1042 761 1117 divinior,
776 1051 867 1126 atqve
888 1062 920 1103 os
941 1060 1060 1124 mapsa
1082 1046 1267 1102 sonam

167 1163 249 1244 Quae
262 1160 477 1246 philosophice
488 1160 624 1245 scripsit,
635 1159 794 1245 magnoin
805 1159 964 1224 vestibulo
980 1156 1097 1222 ferunt
1111 1153 1271 1221 Mersenni

124 1294 156 1347 et
174 1282 331 1348 Gassendi
347 1281 493 1345 nomina:
518 1280 596 1365 quin
611 1279 693 1345 etin
714 1279 763 1343 bis
778 1277 909 1364 poeticis
932 1287 1138 1342 memoretur
1159 1285 1272 1360 apam-

125 1419 201 1489 ρίτης
228 1401 417 1466 Edmundus
444 1401 579 1477 Waller,
605 1399 818 1465 nobilissimus
842 1408 937 1484 poeta
957 1396 1106 1485 Anglus,
1134 1406 1171 1462 et
1193 1395 1273 1482 apud

126 1546 199 1587 suos
222 1522 312 1605 quasi
335 1543 538 1586 numerorum
560 1530 660 1606 pater,
683 1518 739 1603 qui
761 1517 887 1583 authori
908 1527 1019 1582 nostro
1042 1538 1176 1603 semper
1195 1516 1275 1580 inter

126 1642 331 1707 amicissimos
352 1641 435 1717 fuit3
458 1651 492 1706 et
513 1640 651 1705 monitor
672 1662 735 1704 non
757 1637 919 1714 defuisset,
940 1637 968 1702 si
989 1638 1132 1702 materia
1153 1637 1276 1724 crrlpsm

128 1786 192 1827 non
207 1761 403 1848 protelasset.

171 1881 295 1947 Praeter
318 1879 463 1967 parodias
488 1879 664 1956 nonnullas,
690 1878 769 1943 nihil
793 1878 845 1943 hic
870 1899 943 1942 cnm
967 1877 1124 1965 Virgilio,
1152 1876 1278 1953 ovidio,

127 1997 297 2083 reliquisve
333 2008 496 2083 poetarum
530 1996 735 2084 principibus.
794 1995 911 2062 Noluit
939 1996 980 2062 de
1009 1997 1110 2064 toties
1147 1997 1281 2064 recoctis

128 2119 305 2206 phrasibus,
336 2128 369 2182 et
398 2117 437 2182 de
465 2117 625 2182 communi
654 2140 739 2203 penu
768 2117 939 2202 quicquam
968 2141 1145 2204 apponere.
1194 2116 1281 2200 Quid

129 2239 219 2304 nobis
241 2260 359 2302 sernum
378 2258 473 2322 peona
498 2235 682 2313 imitatores,
708 2258 780 2300 cum
806 2236 966 2321 ipsosmet,
990 2258 1073 2320 quos
1098 2237 1281 2314 imitantur,

128 2369 300 2449 presentes
315 2357 491 2422 habemus?
536 2355 618 2438 Quis
639 2367 764 2443 guttam
788 2355 912 2442 quaerit,
935 2357 988 2420 cui
1010 2357 1051 2421 nd
1075 2381 1213 2424 manum
1236 2368 1283 2425 est

131 2489 169 2543 ut
184 2490 241 2543 tolo
256 2502 286 2541 so
296 2478 424 2562 proluat
439 2476 543 2539 auro?

173 2597 260 2660 Avia
276 2595 452 2669 Pieridum,
469 2603 506 2656 ut
521 2604 554 2656 et
569 2592 672 2657 ubivis
687 2594 807 2678 aliquid
823 2617 939 2657 novum
960 2605 993 2658 et
1015 2594 1154 2661 minime
1171 2597 1283 2660 tritum

130 2712 276 2780 meditari
299 2713 425 2777 amavit.
483 2711 517 2777 Si
540 2712 572 2774 in
595 2713 785 2796 syllabarum
809 2713 936 2777 modulo
959 2714 1160 2798 (luendoque
1184 2716 1285 2802 negli-

131 2836 258 2920 gentior
273 2835 324 2910 sit,
341 2834 483 2919 proiecto
497 2833 580 2918 apud
596 2845 718 2898 veteres
733 2847 841 2919 poetas
856 2834 1072 2916 (Christianos
1087 2837 1208 2922 velim)
1228 2837 1285 2902 hoc

132 2978 194 3020 non
211 2953 347 3017 insolens
362 2951 433 3016 suit
480 2951 627 3016 Fortasse
639 2964 672 3016 et
686 2953 746 3016 alia
761 2966 845 3029 sunt,
857 2954 972 3037 quibus
988 2978 1052 3019 nou
1069 2958 1157 3021 tanti
1173 2958 1286 3023 habuit

132 3075 313 3141 criticorum
328 3073 412 3157 plebi
429 3073 461 3135 in
477 3073 622 3137 omnibus
637 3073 821 3138 abblandiri.

178 3190 213 3260 Si
236 3202 382 3278 quaerant
403 3192 544 3257 historici
567 3193 650 3256 uude
673 3193 733 3256 ista
754 3193 792 3257 de
808 3193 1027 3277 AEthiopibus,
1048 3195 1089 3260 de
1113 3195 1286 3283 Neptune,

134 3313 173 3380 do
198 3313 293 3390 Jove,
316 3312 441 3395 diisque
463 3311 594 3394 reliquis
617 3311 859 3377 convivantibus
880 3319 937 3396 μετ’
951 3322 1096 3397 ἀμύμονας
1111 3325 1286 3396 aloanniae:

134 3438 264 3504 videant
291 3436 469 3500 Homerum
496 3446 609 3499 testem
637 3437 712 3500 satis
736 3437 943 3502 luculentum.
989 3438 1040 3503 De
1071 3463 1151 3527 rege
1185 3445 1288 3532 Erga·

134 3582 235 3634 mene,
257 3569 289 3623 et
312 3557 432 3620 famosa
454 3555 509 3618 illa
530 3556 726 3620 sacerdotum
753 3557 880 3642 strage¹‚
907 3558 1074 3623 consulant
1102 3561 1288 3629 Diodorum

137 3678 290 3753 Siculum,
317 3676 370 3740 lib.
397 3676 436 3741 iv.
484 3676 535 3740 Do
561 3700 647 3740 more
673 3677 733 3741 isto
758 3677 897 3763 AEgyptl
927 3679 1095 3743 dirimendi
1126 3682 1205 3749 litos
1233 3709 1289 3771 per

136 3800 262 3866 Collarc
284 3809 317 3862 et
340 3796 517 3872 Geminam,
541 3799 605 3860 ceri
627 3798 779 3874 meliorest,
803 3800 935 3863 eundem
959 3799 1078 3864 habent
1101 3802 1288 3871 Diodorum

138 3919 291 3994 Siculum,
322 3928 355 3981 et
380 3916 557 3992 AElianum,
588 3941 606 3981 a
636 3920 751 4001 quibus
780 3919 840 3983 viri
866 3920 1029 3984 clarissimi
1061 3922 1226 3994 Seldenus
1257 3940 1290 3995 et

137 4038 348 4111 Marsbamus,
365 4048 397 4100 et
411 4036 517 4121 plures
533 4036 584 4099 alii
601 4036 634 4098 iu
649 4061 705 4100 sua
721 4037 941 4102 traduxerunt.

182 4156 296 4238 Quoad
311 4166 435 4231 caetera,
448 4178 552 4239 neque
567 4155 773 4241 chronologos
788 4179 891 4240 neque
903 4157 1106 4243 philosophos
1122 4186 1290 4233 moramur

137 4276 283 4340 multum.
330 4274 498 4360 Theologis
528 4298 601 4339 vero
631 4287 668 4339 ut
697 4275 928 4359 quodammodo
957 4277 1101 4355 satisfiat,
1129 4289 1291 4353 nonnulla

209 4519 215 4550 ¹
235 4518 315 4587 [Vide
327 4516 403 4582 inira,
416 4534 479 4569 vers.
489 4515 607 4582 vob-12]
807 4517 816 4543 ¹
836 4515 915 4585 [Vide
927 4517 1002 4581 inira,
1015 4535 1078 4571 vers.
1088 4525 1218 4594 220-42]
