2656 5136
250 633 323 699 224
551 646 792 702 unicornuus
812 645 998 701 urricus.

62 838 206 944 Q
249 812 461 1000 ‹ffimssssrae
478 823 571 889 rotae
586 814 785 912 inaequulee
801 813 1013 889 describent
1029 810 1128 941 duce
1144 811 1283 887 circulor

325 983 334 1012 ‚
420 983 430 1016 ,
462 950 619 1023 quorum
649 940 818 1002 centrum
847 949 1045 1001 commune
1071 937 1146 1001 emt
1175 938 1283 1001 vertex

248 1040 344 1127 coni,
363 1053 454 1135 puto
470 1051 650 1136 punctum
666 1040 711 1115 G.
762 1039 928 1136 Reliqnae
943 1049 1071 1113 antem
1098 1050 1220 1137 partes
1239 1039 1283 1113 in-

249 1153 438 1226 termediae
477 1152 689 1227 describent
729 1153 884 1249 singulae
921 1151 1091 1249 singulos
1132 1152 1283 1239 circulos,

249 1265 375 1362 quales
405 1278 491 1338 sunt
521 1266 588 1354 IK,
607 1266 693 1356 LM,
711 1265 795 1355 ΝΟ,
813 1266 891 1354 Po,
918 1266 1097 1339 extremis
1127 1266 1213 1355 AH,
1231 1266 1283 1339 BR

248 1378 514 1451 concentricos.
565 1378 636 1451 Via
662 1400 751 1473 ergo
768 1401 842 1475 qun
858 1387 982 1451 motus
999 1375 1196 1475 inaequoiis
1217 1402 1282 1475 pro

248 1502 407 1587 pagatur
424 1490 470 1563 ub
488 1490 567 1581 ΑΒ,
586 1514 662 1564 non
687 1502 746 1564 est
769 1489 920 1580 directe,
937 1501 981 1565 ut
996 1492 1082 1581 AD,
1100 1491 1169 1565 ced
1184 1491 1282 1589 quulit

249 1604 464 1676 continetur
498 1604 603 1677 lineis
637 1604 750 1677 rectis
779 1603 859 1693 ΑΒ,
877 1603 965 1695 HR,
991 1614 1032 1678 et
1058 1604 1281 1679 circularibus

248 1717 336 1801 AH,
351 1716 430 1804 BR,
447 1739 580 1813 nempe
596 1717 720 1813 portio
739 1715 905 1790 sectoris.

300 1829 370 1901 His
398 1829 540 1924 positio,
571 1842 746 1926 putemus
771 1840 914 1903 rectum
942 1828 1010 1903 ΕΙ)
1041 1828 1280 1905 disterminare

249 1941 322 2016 duo
350 1941 483 2033 media,
512 1966 669 2039 quorum
698 1941 893 2032 utrumvis,
920 1956 1013 2040 pute
1040 1945 1221 2043 ruperim,
1243 1944 1280 2017 sit

248 3557 385 3620 rarum,
403 3534 559 3607 alterum
578 3532 753 3606 densum:
781 3548 820 3608 et
843 3537 890 3609 ub
907 3538 974 3611 AB
1003 3540 1102 3614 linea
1119 3541 1213 3626 lucis,
1227 3557 1267 3605 ve·

248 3648 328 3720 nire
346 3648 493 3742 oblique
517 3646 660 3719 radium
687 3646 880 3737 directum,
898 3652 975 3725 sive
1001 3654 1267 3750 parallelogram-

250 3784 351 3833 mum
369 3761 450 3833 ΑΙ).
504 3761 637 3833 Statim
655 3773 766 3856 atque
782 3780 931 3837 ventum
945 3779 1001 3839 est
1019 3768 1068 3840 nd
1086 3776 1267 3840 contactum
1316 3768 1319 3843 t

250 3874 359 3947 densi
374 3875 414 3946 in
431 3875 477 3964 D,
495 3898 710 3969 progressus
728 3876 800 3948 erit
816 3877 1031 3975 iuaequalis:
1058 3892 1202 3977 propter
1215 3897 1267 3947 me·
1317 3868 1319 3939 ἰ

250 3985 353 4058 dium
379 3986 549 4076 biforme,
577 4010 662 4058 cum
694 3987 724 4060 C
758 3990 806 4062 sit
836 3990 873 4062 in
904 4015 1001 4081 raro,
1031 3994 1066 4066 D
1096 3995 1136 4067 in
1164 3993 1266 4065 denso:

250 4119 382 4194 nempe
400 4098 541 4171 tardior
559 4122 581 4171 a
597 4112 704 4195 parte
722 4099 768 4189 D,
786 4102 948 4176 velocior
964 4128 988 4177 a
1003 4118 1110 4202 parte
1127 4106 1167 4194 O,
1183 4105 1215 4176 in
1228 4122 1268 4173 m·

249 4211 351 4284 tione
370 4210 431 4285 ΟΕ
455 4212 503 4286 ad
530 4212 605 4302 DF,
624 4213 682 4286 vel
709 4214 776 4287 CG
799 4215 847 4288 ud
878 4216 964 4289 ΒΗ.
1017 4220 1087 4293 Via
1113 4242 1197 4315 ergo
1215 4234 1269 4311 qut

249 4337 371 4398 motus
387 4339 614 4422 propagatur
631 4350 654 4399 a
668 4324 744 4417 01),
759 4340 816 4400 est
832 4353 898 4426 per
917 4331 1125 4426 portionem
1142 4324 1268 4405 sectoris

249 4438 400 4528 CGDH,
420 4452 458 4512 et
479 4451 534 4513 est
552 4440 622 4514 GH
649 4442 747 4514 linea
771 4442 863 4516 lucis
887 4457 1095 4541 propagata
1109 4444 1203 4519 omui
1220 4458 1268 4513 sut

249 4564 353 4647 parte
376 4552 425 4626 ad
451 4553 612 4627 medium
639 4553 804 4647 densum,
821 4566 859 4630 et
882 4557 1034 4655 aequelis
1058 4558 1129 4657 ipsi
1154 4547 1268 4631 CDrel
