2656 5136
554 40 576 73 τ

444 675 779 731 ucctssrastlos.

91 838 157 920 Qui
171 841 270 905 servit
284 841 378 918 clero,
395 842 451 925 qui
466 842 551 908 clero
566 843 686 928 praedia
699 845 807 922 donat,

132 939 227 1005 Clero
241 941 424 1025 magnificas
440 943 638 1027 aedificatque
653 944 773 1021 domos,

87 1036 121 1101 Is
137 1038 207 1123 pius
222 1049 280 1114 est,
295 1039 470 1125 divumque
485 1041 560 1107 olim
575 1042 733 1108 referetur
747 1043 781 1108 in
795 1043 924 1109 album:

130 1139 270 1203 AEterua
285 1150 334 1203 est
348 1138 411 1204 illis
426 1140 542 1205 vitain
558 1140 780 1227 Ephemeride.

85 1235 184 1320 Papa,
200 1236 276 1302 licet
289 1237 411 1324 rigidus
427 1238 527 1303 divini
544 1249 674 1305 exactor
688 1240 818 1306 honeris

128 1332 205 1398 Non
221 1346 298 1413 erat,
315 1347 349 1401 et
362 1336 488 1402 facilem
503 1337 655 1423 praestitit
669 1360 738 1404 esse
754 1337 878 1416 Fidem,

84 1432 120 1495 N
120 1457 161 1497 on
177 1434 222 1498 ita
235 1435 380 1520 neglexit
395 1435 517 1521 placide
532 1459 590 1500 sua
598 1436 674 1521 jura
688 1447 722 1502 et
740 1436 912 1503 honorem:

129 1530 192 1597 Sed
207 1555 360 1608 summus,
376 1532 403 1597 si
418 1532 491 1616 quis
505 1533 648 1619 deroget,
663 1533 751 1599 ultor
764 1544 841 1600 erat

84 1630 197 1695 Gentis
213 1632 407 1697 Anastasius
421 1631 576 1697 Romanae
591 1641 661 1698 erat
675 1631 898 1719 Induperator,

125 1729 185 1794 Ille
201 1740 307 1795 tamen
324 1753 412 1797 sacro
427 1731 562 1796 fulmine
576 1741 684 1797 tactus
697 1742 776 1798 erat

82 1826 173 1893 Cur?
196 1829 283 1910 Quia
297 1853 408 1915 passus
423 1840 492 1895 erat
506 1830 617 1895 violari
633 1830 901 1898 Chalcedonensis

125 1927 290 1992 Articulos
307 1926 439 2014 Synodi,
456 1929 571 2014 saepius
585 1928 778 1994 admonitus.

83 2024 147 2090 Sed
162 2028 349 2092 confirmata
363 2038 414 2093 est
430 2027 580 2114 Synodus
594 2030 654 2093 sub
669 2028 694 2094 J
696 2027 866 2106 uatiniane,

125 2125 295 2191 Haeretieae
311 2126 385 2191 fidei
402 2126 616 2210 terribilisque
631 2126 705 2192 fuit.

79 2222 231 2308 Namque
246 2225 272 2289 is
288 2225 484 2311 Theiologus
499 2226 612 2291 doctus
626 2225 776 2310 cupiebat
790 2223 909 2301 haberi,

122 2325 237 2409 Atque
253 2346 310 2389 suo
325 2324 472 2410 prinecps
487 2323 606 2391 Codice
621 2324 735 2409 plenus
749 2332 829 2388 erat.

78 2421 138 2488 Ille
154 2423 231 2487 tulit
245 2423 331 2509 leges
347 2423 477 2508 primus,
494 2421 611 2508 quibus
626 2421 764 2498 haeresis,
780 2420 841 2487 etsi

121 2523 270 2608 Congrua
287 2521 470 2607 Scripturis,
482 2531 584 2587 morte
596 2520 713 2586 luenda
727 2520 820 2585 foret

77 2620 137 2686 Ille
152 2622 213 2686 sibi
228 2632 261 2686 et
277 2621 373 2707 Papia
390 2621 507 2687 multos
517 2620 682 2707 jugularit
695 2619 856 2698 honestes,

119 2720 240 2801 Quales
256 2745 313 2786 nos
328 2720 422 2785 hodie
436 2720 582 2796 dicimur,
598 2719 773 2785 haereticos.

74 2817 135 2883 Ille
150 2830 240 2883 metu
255 2820 359 2896 solvit,
375 2819 516 2884 detraxit
529 2819 693 2902 sraenaque
708 2817 816 2905 Papis,

119 2917 271 3001 Expulsis
287 2917 416 2982 (thottis
431 2917 560 3003 regibus
575 2916 679 2981 Italia.

76 3014 135 3079 Ille
150 3026 341 3099 potestatem
356 3015 510 3101 Papalem
525 3016 722 3100 spiritualem

118 3113 257 3189 Inflavit‚
273 3113 371 3198 pestis
386 3136 458 3197 quae
474 3112 538 3177 suit
552 3113 685 3198 imperii.

73 3212 171 3277 Alter
186 3212 357 3278 damnabat
370 3224 507 3289 sanctos,
519 3212 675 3297 spoliabat
689 3221 723 3276 et
737 3210 834 3275 alter:

113 3311 264 3398 Regnum
280 3311 369 3398 Papa
384 3323 516 3398 petens3
540 3334 606 3388 rex,
622 3322 661 3375 ut
674 3332 798 3385 avarus,
813 3331 897 3394 opes.
1031 3314 1115 3374 1520

68 3410 210 3495 Jamque
225 3411 331 3476 animo
346 3411 445 3497 Papae
460 3410 549 3475 dolor
564 3410 677 3475 unicus
691 3408 791 3485 haesit,
807 3409 923 3474 habere

112 3510 391 3597 Constantinopoli
406 3511 572 3597 praesulem
587 3510 707 3574 honore
721 3530 838 3593 parem.

68 3611 224 3675 Attamen
238 3610 379 3676 obtinuit
394 3610 488 3695 paulo
504 3620 586 3694 post,
602 3607 744 3694 prineipe
763 3606 881 3683 Phoca,

111 3709 289 3774 Primatum
305 3710 345 3774 ad
360 3721 485 3774 nostros
500 3731 596 3792 quem
612 3718 703 3772 tenet
717 3729 819 3791 usque
834 3705 911 3772 dies.

68 3806 102 3869 N
104 3832 155 3871 am
170 3831 227 3872 rex
243 3808 390 3873 Tiberius
405 3807 558 3873 suecessit
571 3806 597 3872 J
598 3805 768 3883 ustiniano‚

111 3905 173 3971 Cui
190 3907 287 3971 vitam
302 3906 441 3992 dempsit
455 3916 644 3992 sceptraque
660 3904 854 3981 Mauritius;

67 4004 221 4070 Mauritio
237 4005 382 4081 Phocas3
408 4006 591 4092 Phoceaque
607 4005 778 4071 Heraclius
792 4005 899 4071 armis.

109 4105 258 4169 Proditor
273 4105 299 4169 ia
315 4105 387 4182 fuit,
402 4105 455 4171 hic
469 4104 702 4171 mounothelita
716 4104 789 4171 suit.

65 4204 188 4269 Phocas
204 4203 388 4269 Catholicus
404 4206 575 4289 primatum
590 4203 787 4289 spiritualem

107 4303 204 4388 Papae
220 4303 383 4379 concessit,
399 4303 546 4389 participi
561 4302 697 4368 sceleris
1022 4301 1106 4363 1530

64 4403 142 4466 Plus
158 4402 243 4467 ultra
257 4402 336 4466 nihil
351 4414 408 4466 est.
454 4402 519 4467 Res
535 4412 583 4467 est
598 4401 752 4466 altissima
767 4399 860 4466 terris

106 4504 203 4588 Papa,
220 4501 279 4567 sibi
296 4502 381 4567 visus
397 4501 451 4566 vix
465 4502 568 4567 minor
583 4523 650 4567 esse
667 4500 746 4566 Deo.
