2656 5136
184 658 258 729 358
604 673 802 727 merolus

184 838 249 905 See.
272 836 398 904 Verum
412 859 470 905 cur
483 836 597 905 babuit
611 836 778 906 Chaldaeos
793 835 921 906 Gracia
934 838 1051 917 nullos,

229 935 357 1005 Guecia
370 937 523 1004 Romanis
536 947 614 1005 uota
626 938 779 1025 magistra
792 939 893 1005 viris?

185 1037 246 1102 Pr.
270 1035 323 1103 Ob
338 1036 456 1103 multas
468 1059 587 1104 causas.
631 1037 668 1103 N
668 1061 711 1105 ou
723 1037 808 1105 fallit
821 1039 998 1127 aruspicem
1012 1061 1164 1127 aruspex.

231 1134 355 1203 Callida
369 1137 552 1204 Graecorum
565 1137 654 1203 natio
665 1147 736 1204 tota
749 1136 829 1204 fuit:

187 1231 224 1300 N
224 1257 261 1300 ec
274 1233 457 1321 deceptores
470 1236 562 1304 fictos
575 1236 714 1304 habuere
727 1237 915 1324 Prophetas,

233 1331 298 1400 Sed
312 1335 455 1422 proprios
470 1335 606 1415 sibimet,
620 1359 734 1424 nempe
747 1360 850 1424 genus
863 1336 1034 1424 Logieum.

189 1435 253 1498 Ars
268 1442 336 1498 erat
349 1433 436 1500 hisee
448 1434 565 1501 mulam
578 1434 741 1503 victricem
755 1437 886 1503 reddere
899 1459 1027 1503 eausam

231 1531 388 1610 Dicendo,
403 1544 519 1618 quarto
532 1535 895 1622 propriaetillamodo.
1169 1540 1239 1600 330

189 1631 287 1697 Adde
301 1633 388 1717 quod
402 1644 436 1700 et
448 1656 578 1722 pauper,
592 1634 729 1701 dominis
742 1637 885 1722 subjecta
898 1635 1036 1714 Latinis,

232 1729 334 1797 Natio
348 1740 418 1798 tota
430 1731 511 1799 suit:
534 1756 600 1800 uon
613 1744 684 1800 erat
696 1734 782 1799 uude
796 1735 917 1800 darent

190 1829 341 1915 Namque
355 1831 520 1919 impostori
532 1855 598 1899 nou
611 1842 662 1898 est
676 1832 765 1899 loeus
779 1832 833 1900 ille
847 1833 992 1910 salubris,

232 1928 300 2012 Qui
313 1930 396 1996 lucri
410 1930 666 2010 sterilis,.fertilis
679 1931 801 2019 ingenii
815 1942 875 1998 est.

189 2030 361 2117 AEgyptus
376 2029 497 2097 Graecis
510 2029 596 2097 ultro
609 2053 675 2097 uon
688 2029 800 2096 attulit
812 2040 898 2097 artes

233 2128 414 2217 Ingenuast
439 2128 546 2198 Graeci
559 2130 616 2196 sed
630 2129 750 2217 petiere
763 2130 835 2208 viri,

190 2227 401 2316 Pythagorae,
416 2228 545 2309 Thales,
560 2226 666 2308 Platb,
680 2230 805 2317 plures:
822 2251 882 2295 nec
896 2227 1016 2315 pet-iere

234 2328 377 2414 AEgypti
392 2327 529 2407 fraudes,
544 2351 604 2395 uec
617 2350 706 2394 saera
720 2326 857 2406 Niliaca,

191 2425 227 2492 N
228 2449 265 2493 ec
278 2427 515 2493 demonstrandi
527 2437 697 2514 praecepta,
711 2449 772 2493 nec
785 2427 980 2501 officiorum3

236 2525 300 2593 Sed
314 2525 516 2592 mensurandi
531 2525 684 2611 quioquid
698 2525 732 2589 in
746 2527 822 2590 orbe
837 2525 909 2589 fuit
1174 2529 1242 2588 340

192 2626 240 2691 Se.
266 2623 349 2707 Quis
360 2623 488 2692 Grecos
502 2625 641 2710 reliquas
655 2635 739 2690 artes
754 2624 885 2689 docuit?
930 2623 1012 2706 Quis
1027 2622 1202 2701 Elcnehoa

237 2723 319 2807 Quis
332 2749 457 2792 morum
471 2748 613 2792 normam
623 2725 823 2811 justitiaeque
838 2725 950 2789 dedit?

192 2824 253 2888 Pr.
279 2821 418 2890 Socratis
431 2824 597 2890 inventum
612 2823 777 2889 dialectica
790 2823 908 2888 dicitur
922 2845 998 2898 esse,

238 2921 314 2988 Una
328 2923 468 3008 quidem,
483 2924 546 2990 dici
561 2946 633 3008 quae
648 2923 729 2989 solet
744 2923 861 2987 Ironia.

193 3020 229 3084 N
229 3044 281 3087 am
295 3032 422 3088 tautum
435 3034 537 3110 rogat,
552 3033 586 3090 et
599 3022 671 3089 vult
685 3046 718 3088 se
732 3022 779 3087 nil
793 3023 872 3087 scire
887 3021 997 3096 videri,

235 3119 397 3208 Perpetua
410 3133 507 3207 atque
521 3131 614 3187 atrox
628 3121 728 3187 hostis
743 3120 947 3196 alazonibus¹,

194 3218 277 3302 Quae
292 3221 429 3288 ducebat
442 3244 496 3287 eos
509 3221 635 3298 sensim,
647 3221 831 3306 quaerendo,
847 3219 1018 3304 sequendo,

237 3319 273 3384 N
274 3344 316 3386 ou
330 3321 550 3407 perceptibiles
564 3320 702 3386 molliter
716 3320 750 3384 in
764 3320 913 3403 laqueos:

197 3419 357 3486 Mulciber
370 3429 409 3485 ut
423 3418 563 3486 Martem
578 3419 739 3504 quondam
753 3419 857 3483 fertur
870 3418 1019 3492 tenuisse,

238 3518 392 3605 'Iirrpiter
405 3518 595 3605 implicitum
609 3518 842 3602 ridiculumque
857 3518 960 3582 deum

195 3616 277 3683 Inde
291 3618 355 3684 fuit
368 3619 491 3706 maguis
505 3641 620 3686 exosus
634 3618 766 3694 civibus,
783 3627 879 3701 atque

239 3716 374 3804 Ingenio
389 3717 488 3783 vitam
502 3718 641 3805 perdidit
655 3717 722 3804 ipse
738 3739 805 3782 suo.

195 3814 325 3881 Primus
338 3825 373 3882 et
386 3815 440 3881 ille
455 3815 519 3881 fuit
532 3816 651 3902 patrias
665 3813 854 3880 concludere
868 3813 902 3877 in
916 3821 1017 3877 artem

237 3914 354 4002 Leges,
369 3937 555 3980 mensurans
565 3915 619 4000 jus
634 3913 756 3980 ratione
770 3935 835 3978 sua

196 4013 242 4079 Et
255 4014 332 4099 quia
345 4036 412 4078 rem
426 4012 538 4098 populi
550 4013 632 4078 male
647 4036 770 4090 curans,
786 4012 841 4077 scd
855 4020 1021 4085 surrecta,

240 4113 277 4178 A
290 4112 408 4198 populo
422 4113 544 4198 sopiens
558 4112 648 4178 audit
661 4113 781 4198 ubique
796 4112 868 4177 loci.

197 4211 351 4278 Rectores
366 4210 481 4276 stultos
495 4210 602 4277 ridens
616 4212 711 4279 nimis
725 4212 901 4288 ambitiose,

241 4311 309 4378 Nec
317 4310 414 4397 juvit,
430 4309 508 4376 civis
522 4333 582 4376 nec
596 4312 699 4378 bonus
713 4313 780 4399 ipse
795 4311 868 4377 suit

418 4533 427 4572 ¹
448 4537 571 4606 [ἀλαζὼη
576 4535 697 4607 jactator.
733 4536 799 4591 Vide
812 4533 1015 4601 Glossarium]
