2656 5136
61 853 147 895 nor.
163 853 206 895 11.

63 922 206 958 υ-ι-ν

250 648 324 715 238
550 660 792 717 rnaerarus
812 658 1003 715 omens.

248 852 466 927 progressus
487 829 580 903 lucis
599 829 662 903 BE
687 829 725 902 in
743 827 919 916 densiori,
938 827 1001 901 BF
1026 826 1068 900 in
1084 824 1230 915 rariori,
1243 825 1291 899 rel

249 942 497 1017 mensurando
506 942 861 1041 perpendiculariter
873 942 924 1017 lE
936 942 977 1015 in
990 940 1160 1015 densiori
1172 938 1290 1028 medio,

248 1054 312 1132 GF
328 1057 366 1129 iu
391 1057 534 1131 rariori.
586 1057 680 1132 Dico
696 1080 777 1131 esse
792 1068 837 1129 ut
862 1054 1044 1129 inclinata
1059 1078 1111 1127 ac
1125 1053 1176 1128 ad
1199 1052 1292 1127 ineli-

249 1182 376 1242 natam
394 1170 450 1255 be,
467 1170 526 1243 vel
549 1168 602 1267 lff,
622 1170 694 1244 hoc
711 1181 769 1244 est
784 1182 828 1242 ut
843 1167 1168 1266 perpendicularis
1184 1166 1291 1241 K*ad

248 1282 589 1379 perpendicularem
606 1281 644 1356 ie
659 1283 719 1356 vel
730 1282 800 1382 gs.
815 1282 855 1355 in
873 1281 1120 1355 inclinatione
1135 1304 1211 1355 una
1223 1309 1234 1353 ε
1248 1281 1292 1353 ita

249 1419 328 1468 esse
346 1396 561 1469 inclinatam
578 1395 644 1470 Ac
664 1395 713 1469 ad
737 1395 954 1470 inclinatam
974 1395 1039 1468 BE
1063 1395 1126 1469 vel
1143 1394 1216 1484 BF,
1230 1394 1290 1469 hoc

249 1521 319 1596 est,
347 1509 690 1604 perpendicularem
704 1509 777 1583 ΑΚ
800 1509 850 1582 ad
878 1508 1227 1607 perpendicularem
1249 1508 1290 1583 lE

248 1622 305 1694 vel
323 1622 395 1710 GF,
414 1622 452 1694 in
466 1621 596 1697 altera

300 1736 487 1811 Quoniam
504 1736 602 1810 enim
620 1735 719 1811 idem
736 1749 795 1811 est
810 1736 973 1811 medium
990 1737 1031 1812 in
1049 1761 1128 1835 quo
1145 1736 1290 1811 aretin

250 1873 325 1945 quo
342 1850 419 1934 AC,
432 1874 537 1946 aeque
549 1852 657 1924 velox
670 1863 727 1924 est
744 1864 867 1925 motus
884 1853 931 1925 cb
943 1876 970 1925 α
985 1849 1036 1925 ad
1049 1874 1073 1923 e
1090 1852 1237 1925 motus*
1250 1850 1290 1923 ab

250 1963 280 2033 A
301 1962 349 2034 ad
363 1961 404 2036 C.
454 1963 617 2061 Tempus
632 1987 721 2060 ergo
735 1988 809 2061 quo
827 1965 871 2037 fit
888 1976 1012 2037 motus
1029 1962 1079 2037 ad
1096 1988 1123 2037 α
1141 1963 1291 2038 adeost

249 2075 297 2147 ad
315 2087 461 2171 tempus
474 2099 547 2172 quo
564 2077 607 2150 fit
623 2087 745 2149 motus
762 2076 809 2149 ab
827 2076 862 2149 A
877 2075 927 2150 ad
945 2074 992 2165 C,
1008 2086 1054 2150 ut
1069 2088 1179 2150 recta
1192 2100 1237 2149 oc
1250 2073 1291 2149 ad

249 2200 389 2261 rectam
407 2188 484 2262 AC.
537 2187 727 2275 Similiter,
743 2189 918 2285 quoniam
941 2187 1043 2263 idem
1060 2198 1121 2263 est
1140 2188 1291 2263 modium

248 2303 289 2374 in
306 2326 379 2398 quo
398 2301 442 2374 bc
459 2314 499 2375 et
515 2302 553 2374 iu
572 2326 646 2398 quo
664 2301 740 2391 BE,
757 2326 862 2399 aeque
878 2301 985 2376 velox
1003 2313 1064 2377 est
1086 2314 1212 2377 motus
1232 2298 1290 2375 al

248 2413 297 2487 ad
314 2440 335 2488 c
352 2428 390 2488 et
408 2438 430 2487 a
448 2414 479 2487 B
493 2414 541 2487 ad
558 2415 600 2487 Ε.
652 2415 813 2512 Tempus
830 2439 919 2512 ergo
933 2440 1007 2512 quo
1024 2416 1070 2489 fit
1088 2427 1214 2489 motus
1234 2410 1289 2487 ab

249 2528 297 2601 ad
315 2554 336 2600 e
353 2526 470 2601 estad
488 2540 633 2623 tempus
645 2552 717 2625 quo
735 2531 779 2602 fit
796 2542 919 2602 motus
932 2555 955 2602 a
973 2529 1004 2601 B
1019 2527 1069 2601 ad
1086 2529 1132 2618 E,
1147 2540 1189 2602 ut
1201 2539 1288 2600 reeta

250 2643 293 2715 be
309 2642 358 2715 ad
374 2654 515 2715 rectam
535 2643 607 2715 BE.
663 2642 737 2716 Sed
755 2656 900 2740 tempus
917 2667 991 2740 quo
1008 2644 1055 2715 fit
1079 2656 1205 2716 motus
1230 2665 1251 2713 a
1270 2637 1287 2708 l

248 2755 347 2844 ade,
365 2756 504 2853 aequale
522 2769 579 2829 est
597 2756 754 2852 tempori
772 2780 845 2852 qno
862 2757 905 2828 fit
923 2767 1048 2829 motus
1066 2757 1114 2829 ab
1140 2780 1166 2828 a
1194 2753 1239 2827 ad
1260 2776 1285 2823 c.

250 2870 357 2957 Item,
375 2881 520 2966 tempus
544 2894 618 2966 quo
642 2870 685 2943 fit
710 2883 872 2943 motusa
895 2869 926 2942 B
944 2868 993 2942 ad
1015 2869 1059 2956 Ε,
1078 2867 1220 2967 aequale
1240 2877 1285 2939 est

249 2983 408 3080 tempori
429 3007 502 3078 quo
526 2984 570 3055 fit
593 2996 716 3056 motus
743 2983 790 3056 ab
810 2983 843 3056 A
861 2981 908 3055 ad
927 2981 969 3055 C.
1020 2982 1186 3078 Tempus
1212 3003 1283 3073 ergo

248 3121 322 3194 quo
339 3098 382 3169 fit
399 3110 521 3170 motus
538 3097 584 3170 ab
603 3120 627 3168 α
645 3095 693 3169 ad
710 3120 744 3184 c,
761 3095 883 3168 estad
901 3109 1047 3191 tempus
1065 3120 1141 3192 quo
1159 3095 1202 3166 fit
1217 3117 1280 3165 mo-

249 3224 309 3284 tus
326 3211 373 3285 ab
391 3212 425 3284 A
442 3211 488 3283 ab
503 3210 545 3297 C,
563 3221 604 3282 ut
621 3221 723 3283 reeta
740 3208 784 3281 be
797 3209 845 3282 ad
862 3220 1003 3282 rectam
1023 3208 1099 3281 BE.
1153 3209 1218 3281 Bst
1231 3228 1279 3278 au·

249 3339 325 3399 tem
342 3348 453 3420 snpra
470 3334 670 3409 ostensum,
688 3334 833 3418 tempus
857 3334 979 3396 motus
997 3321 1045 3394 ab
1063 3347 1090 3394 o
1107 3320 1157 3395 ad
1173 3346 1204 3409 c,
1220 3339 1280 3391 esse

248 3438 296 3511 ad
314 3451 459 3533 tempus
477 3449 600 3510 motus
617 3436 664 3510 ab
684 3439 715 3508 A
734 3435 782 3510 ad
801 3435 843 3525 C,
857 3448 901 3509 ut
917 3446 1022 3508 recta
1039 3460 1088 3508 ac
1100 3435 1151 3508 ad
1162 3444 1278 3508 rectam

248 3551 328 3624 AC.
382 3551 426 3623 ln
443 3548 572 3622 eadem
590 3573 679 3646 ergo
698 3561 784 3623 sunt
807 3550 950 3623 ratione
967 3573 1014 3621 oc
1033 3548 1082 3622 ad
1106 3549 1183 3637 Ae,
1200 3543 1277 3619 etle

249 3663 297 3737 ad
315 3665 388 3737 ΒΕ.
440 3662 579 3736 Eadem
603 3661 779 3736 methodo
805 3662 1052 3736 demonstrari
1074 3672 1195 3759 potest
1217 3677 1275 3731 esse

248 3792 292 3851 ut
309 3803 356 3851 ac
372 3777 420 3849 ad
437 3776 515 3866 AC,
533 3777 586 3849 ita
602 3775 652 3872 bf
667 3775 715 3849 ad
733 3776 805 3849 BF.
858 3777 973 3849 Porro
991 3776 1167 3873 quoniam
1185 3778 1274 3846 estut

249 3918 306 3981 oc,
319 3893 389 3965 hoc
413 3902 468 3963 est
482 3888 543 3980 bd,
554 3890 603 3963 ad
622 3888 677 3979 bc,
692 3890 745 3963 ita
763 3889 844 3979 AC,
855 3891 927 3963 hoc
946 3903 1002 3962 est
1017 3889 1098 3979 BD,
1113 3888 1160 3962 ad
1174 3887 1238 3973 ΒΕ,
1248 3890 1273 3952 et

248 4019 291 4079 ut
310 4005 364 4078 bd
377 4004 425 4077 ad
441 4004 492 4076 dh
509 4004 567 4076 vel
585 4003 646 4091 alr,
664 4016 817 4100 propter
835 4003 1117 4077 similitudinem
1134 4000 1271 4092 triangu-

248 4119 368 4192 lorum
384 4116 457 4190 balla
474 4128 512 4190 et
530 4116 601 4206 dei,
618 4116 672 4189 ita
690 4115 733 4189 be
750 4116 799 4189 ad
825 4117 873 4204 ie,
897 4128 1010 4212 atque
1028 4115 1144 4189 etiam
1165 4126 1203 4185 ut
1224 4105 1269 4181 BD

247 4232 296 4305 ad
314 4232 387 4305 DH
406 4230 465 4304 vel
479 4230 562 4319 AK,
578 4231 632 4303 ita
650 4231 711 4303 ΒΕ
730 4230 778 4303 ad
796 4230 869 4303 IB:
898 4230 971 4302 erit
986 4240 1031 4302 ut
1049 4227 1099 4303 ok
1116 4228 1164 4302 ad
1179 4227 1219 4312 ie,
1233 4220 1269 4291 itt
1325 4240 1327 4247 '

248 4347 317 4419 AK
336 4346 383 4419 ad
401 4346 462 4418 IB.
514 4344 653 4418 Eadem
671 4369 819 4442 quoqne
837 4345 897 4417 via
914 4342 1063 4417 ostendi
1080 4351 1199 4440 potest
1212 4349 1267 4406 eut

930 4482 1269 4514 —d

725 4584 742 4618 ¹*
759 4583 817 4644 Sic.
