2656 5136
241 656 311 721 146
549 672 636 725 unx
654 669 975 724 maruntium.

36 863 222 907 canovas-
237 848 310 925 tur‚
328 860 404 909 una
421 860 505 909 cum
516 836 655 912 Roseto
666 838 747 935 ipso
760 860 836 911 una
851 860 937 911 cum
952 836 1027 910 hoc
1043 837 1189 937 scripto
1203 862 1278 915 meo

52 947 196 1052 Q
240 950 404 1047 colligari
436 952 574 1026 curavi.
625 952 781 1025 Restant
807 973 927 1046 pauca
954 949 1163 1025 universim
1191 952 1279 1027 circu

237 1066 400 1161 ipsorum
420 1064 466 1136 de
484 1065 648 1138 scientiis
664 1066 798 1138 merita
818 1062 988 1153 dicenda,
1005 1086 1157 1161 nempe,
1174 1088 1278 1161 quan-

236 1188 317 1249 tum
335 1177 470 1249 serviat
487 1177 717 1273 responsioni
734 1176 782 1250 ad
805 1176 1052 1273 epiphonema
1067 1177 1224 1252 Wallisii
1237 1178 1277 1252 ad

236 1291 349 1362 finem
366 1289 479 1363 libelli
503 1290 561 1362 sni
582 1290 620 1363 in
636 1288 975 1363 'Tramuctionibua
995 1289 1201 1364 Sacietutir
1215 1290 1275 1365 m-

234 1401 343 1501 galis
360 1402 450 1475 editi
472 1402 511 1475 in
539 1403 617 1476 haec
633 1403 766 1476 verba:
791 1402 892 1475 Nam
910 1402 1067 1498 jamdiu
1093 1412 1166 1493 est,
1191 1402 1278 1502 quud

238 1512 380 1587 Hobbii
396 1514 612 1588 authoritas
628 1514 667 1588 iu
683 1514 956 1588 mathematicis
970 1540 1019 1589 aa
1035 1514 1155 1591 hilum
1166 1516 1273 1591 calae

237 1628 303 1716 rit,
323 1630 475 1725 ejusque
491 1628 730 1702 ratiocinium
748 1628 981 1703 tantumdem.

287 1741 426 1814 Verum
438 1739 588 1838 quidem
605 1752 673 1830 est,
691 1765 760 1816 neo
785 1741 1054 1816 authoritatem
1079 1764 1153 1816 nec
1175 1743 1272 1817 ratiu-

237 1852 458 1927 cinationem
478 1853 515 1926 in
535 1853 806 1928 mathematicis
820 1854 1002 1929 llobbesii
1018 1854 1122 1952 apud
1134 1854 1270 1953 Angloe,

236 1990 306 2039 nec
335 1966 434 2063 apud
457 1977 603 2039 exteros
618 1966 789 2053 Wallisii,
806 1967 965 2041 multum
990 1966 1166 2041 valuisse.
1213 1966 1270 2041 Er·

236 2079 1270 2177 teriademonstrationibusgeometrasapudnosomnm

236 2193 283 2265 ab
301 2192 489 2266 auditione
507 2205 546 2265 et
558 2192 609 2297 'ab
627 2193 852 2267 authoritate
866 2192 1180 2268 Academicorum
1190 2192 1270 2291 judi·

236 2319 334 2378 cant.
388 2307 523 2403 Itaque'
535 2305 747 2379 Hohhesius
764 2320 873 2379 extra
888 2306 1038 2403 legitur,
1054 2306 1269 2403 intelligitur,

236 2418 428 2491 laudatus:
455 2419 641 2491 Wallisius
659 2444 839 2515 nusquam
856 2418 1006 2517 legitur,
1025 2444 1049 2493 a
1065 2421 1212 2495 nemine
1225 2420 1269 2493 in-

236 2532 426 2628 telligitur,
445 2556 492 2604 ne
520 2556 542 2604 a
571 2555 609 2605 se
634 2533 714 2628 ipso
741 2532 900 2628 quidem,
922 2546 961 2606 et
985 2533 1024 2606 in
1050 2533 1131 2607 sola
1154 2533 1270 2629 Anglia

236 2643 419 2717 laudatur.
472 2644 675 2738 Aquibns?
728 2644 765 2717 A
777 2656 979 2740 geometra,
997 2662 1179 2743 quantum
1197 2646 1270 2732 scio,

237 2757 395 2830 nemine.
464 2758 495 2828 Α
532 2743 777 2831 multitudine¹
798 2760 993 2832 hominum
1029 2784 1108 2834 non
1142 2784 1271 2857 geome-

236 2880 390 2957 trarum,
402 2894 493 2967 quos
508 2871 544 2943 in
564 2870 635 2943 alio
653 2857 789 2966 genere
807 2871 988 2945 doctrinae
1006 2874 1173 2947 scribens
1186 2872 1271 2947 Hah

236 2983 358 3055 besins
369 2984 467 3055 visus
485 2995 541 3056 est
554 2983 702 3055 laesisse.
743 2983 828 3056 Non
843 3007 931 3080 ergo
945 3008 968 3056 a
981 2997 1201 3083 contemptu
1216 2998 1270 3071 est,

236 3097 335 3191 quod
349 3096 513 3170 Wallisio
530 3097 566 3168 in
584 3097 819 3192 geometricis
833 3121 908 3170 non
927 3099 1171 3190 anteferatur,
1183 3098 1272 3174 seda

236 3209 410 3283 vindicta.
451 3210 631 3283 Hohbesii
642 3211 923 3299 eniminventa,
935 3223 1016 3283 tum
1030 3213 1069 3285 in
1083 3213 1273 3309 geometria

236 3335 313 3395 tum
336 3325 373 3395 in
391 3324 554 3420 physica,
579 3322 706 3429 multa,
737 3347 844 3410 nova,
863 3324 1018 3413 excelsa,
1044 3325 1158 3413 clara,
1182 3324 1273 3399 utilia

235 3449 332 3509 sunt.
376 3437 532 3509 Wallisii
558 3446 699 3523 contra,
729 3435 880 3508 inventa
905 3435 1019 3525 nulla,
1050 3439 1273 3513 ratiocinatio

234 3550 338 3638 falsa,
356 3549 539 3646 principia
568 3547 738 3634 absurda,
767 3548 1000 3622 definitiones
1027 3550 1166 3638 futiles,
1195 3548 1273 3625 nihil

234 3664 653 3759 novipraetermonstra.
681 3661 894 3734 Mirandum
905 3663 1021 3759 igitur
1031 3667 1210 3763 esset,qui
1219 3675 1273 3738 aut

234 3775 337 3848 illum
356 3776 542 3870 legissent,
561 3786 625 3847 aut
644 3774 836 3847 Hobbesio
863 3800 937 3847 non
958 3778 1055 3849 male
1073 3780 1273 3865 voluissent,

234 3890 265 3961 si
283 3912 357 3961 non
375 3887 551 3961 cathedra
576 3887 640 3959 illa
663 3888 889 3983 geometrico
910 3889 1154 3966 celeberrima
1171 3892 1274 3989 depu-

234 4003 375 4075 lissent.
416 4003 541 4075 Faciet
559 4002 656 4073 enim
675 4002 884 4074 temeritate
903 4014 940 4074 et
958 4003 1148 4100 imperitia
1164 4004 1274 4093 suasi

230 4116 342 4212 paulo
365 4117 508 4190 diutius
533 4116 632 4188 illam
660 4115 828 4203 retineat,
847 4117 968 4211 perire
992 4118 1094 4214 apud
1121 4144 1189 4193 nos
1213 4118 1274 4192 sci·

230 4231 367 4303 entiam
399 4229 633 4303 utilissimam
663 4240 905 4326 praeterquam
932 4245 1115 4325 quantum
1143 4233 1274 4330 jamdiu

229 4344 440 4417 didicerunt
474 4342 643 4415 homines
677 4343 893 4416 mechanici.
955 4345 1036 4440 Ego
1065 4370 1156 4421 vero
1188 4349 1274 4421 iuter

228 4470 440 4554 temporum
468 4455 615 4530 illorum
643 4457 870 4530 calamitates
897 4480 971 4529 non
994 4461 1188 4535 minimam
1205 4484 1273 4534 esse

227 4572 414 4662 existimo,
453 4572 554 4666 quod
589 4570 637 4642 ad
671 4571 889 4644 beneficium
927 4571 1019 4688 illud
1056 4575 1273 4649 Saviliauum
