2656 5136
184 655 256 722 362
602 669 804 724 HISTORIA

182 832 242 899 Pr.
267 831 437 898 Confiteor.
484 831 610 898 Verum
621 833 700 918 quid
715 835 871 921 egemus?
906 833 1081 921 Relliquiae
1094 846 1178 903 sunt

226 931 383 1016 Antiquae
398 930 490 998 nobis
503 930 715 1018 insipidusque
731 931 865 1000 Scholue

183 1028 344 1118 Tempore
358 1053 497 1116 namque
511 1030 577 1108 illo,
591 1054 657 1116 quo
670 1042 789 1098 nostrae
803 1032 917 1099 Praeco
931 1033 1043 1100 salutis

225 1128 267 1194 In
283 1129 406 1196 Graecis
421 1130 537 1216 sparsit
551 1130 682 1209 semina,
695 1130 828 1210 Paulus,
844 1132 939 1218 agris,
1166 1139 1236 1202 470

183 1229 331 1295 Maxima
345 1239 414 1296 erat
427 1230 547 1296 mundo
558 1230 710 1296 fulsurum
723 1231 983 1318 philosophorum

227 1329 327 1414 Copia
340 1354 347 1393 :
372 1328 526 1414 nequitiae
538 1328 736 1417 plemmyris¹
751 1330 807 1396 illu
820 1330 895 1398 fuit.

185 1426 333 1510 Quorum
348 1451 414 1494 non
428 1450 546 1514 paucos
560 1427 706 1495 Ecclesia
718 1438 829 1495 saneta
842 1428 970 1496 vocavit

228 1527 286 1592 Ad
301 1550 452 1593 mensem.
498 1524 611 1594 Crevit
625 1526 671 1593 sic
684 1527 823 1614 parasita
836 1527 944 1594 Fides.

185 1626 322 1692 Victum
337 1649 538 1693 communem
551 1637 590 1693 ut
604 1627 725 1694 Christi
738 1627 915 1694 cultoribus
930 1650 998 1694 esse

229 1725 339 1794 Sensit
353 1748 450 1813 egens
464 1726 591 1806 nebulo,
606 1725 735 1793 nomine
748 1725 965 1813 philosophus,

183 1826 295 1892 Rebus
310 1826 344 1890 in
359 1825 498 1892 adversis
512 1847 696 1892 succurrere
709 1835 744 1891 et
758 1826 906 1893 omnibus
920 1850 1038 1906 omnes,

229 1925 279 1990 De
293 1947 390 2012 grege
406 1923 633 1992 Christicolum
648 1947 683 1991 se
697 1923 860 1991 simulavit
873 1949 974 1993 ovem

184 2025 414 2110 Acceptusque
427 2023 503 2091 fuit.
547 2023 636 2106 Quid
650 2024 710 2089 ni?
753 2023 835 2091 Fuit
848 2026 937 2092 utilis
951 2027 1005 2092 ille

225 2123 354 2189 Militiae
370 2122 510 2190 Christi:
534 2123 603 2189 dux
616 2123 681 2189 suit
694 2134 729 2189 et
743 2124 875 2209 sapiens„
1169 2132 1237 2194 480

182 2223 334 2308 Namque
349 2233 456 2289 orator
469 2232 547 2300 erat,
562 2222 740 2308 doctusque
753 2223 911 2290 abducere
924 2226 965 2291 ab
982 2224 1086 2303 hoste,

230 2322 266 2390 Si
280 2323 333 2388 cui
348 2323 431 2388 sorte
446 2322 543 2389 duces
552 2345 618 2388 nou
632 2322 780 2409 placuere
794 2323 853 2388 sui

185 2422 277 2488 Idem
292 2422 405 2488 doetus
420 2432 489 2488 erat
503 2421 575 2488 duri
590 2423 733 2488 vibratur
745 2421 878 2500 elenchi,

226 2521 273 2586 Et
287 2520 436 2586 dilemma
450 2543 566 2607 anceps
581 2521 675 2586 torsit
688 2530 825 2604 utroque
839 2545 945 2587 manu

181 2621 347 2686 Eminuse
361 2620 512 2686 cathedra
526 2620 599 2685 telis
613 2643 757 2706 pugnare
772 2621 904 2705 peritus,

225 2718 381 2786 Cominus
394 2729 428 2785 et
442 2719 540 2785 furcis
555 2719 682 2785 vincere
698 2720 811 2784 doctus
827 2731 904 2786 eret.

182 2820 246 2885 His
262 2819 361 2905 igitur
375 2817 486 2883 multis
500 2841 558 2883 usa
572 2829 621 2883 est
635 2818 780 2884 Ecclesia
796 2817 917 2885 Christi
931 2846 939 2884 ι

224 2918 260 2983 N
261 2941 312 2983 am
327 2917 413 2983 docti
428 2917 530 2983 multo
546 2917 671 2982 suntin
686 2918 804 2984 honore
820 2920 920 2984 bonis

182 3017 229 3083 Et
243 3017 383 3084 curanda
397 3016 464 3082 scre
479 3017 651 3082 traduntur
665 3018 762 3083 ovilia
775 3042 891 3104 magna

226 3117 289 3183 His
304 3117 388 3194 solis,
404 3127 529 3182 sanctas
545 3117 578 3182 hi
594 3118 796 3204 synodusque
811 3129 936 3204 regunt
1167 3127 1236 3186 490

181 3216 217 3281 N
219 3240 269 3281 am
284 3216 360 3281 licet
373 3215 407 3279 in
423 3216 553 3302 synodis
568 3228 684 3302 patres,
697 3217 863 3301 sanctique
878 3219 996 3305 piique,

226 3316 341 3401 Atque
356 3318 455 3402 proba
469 3316 537 3381 noti
553 3317 756 3402 simplicitate
771 3316 842 3392 viri,

181 3414 393 3500 Philosophcs
408 3437 541 3480 numero
556 3425 763 3501 superarent:
787 3425 929 3480 attamen
945 3415 1015 3480 illos

224 3514 365 3580 Vincere
381 3513 539 3601 suffuegiis
548 3537 612 3580 non
627 3525 760 3601 potuere
776 3514 851 3579 suis.

183 3613 354 3679 Attonitus
368 3612 474 3678 verbis
488 3614 664 3699 peregrinis
679 3614 947 3700 philosophorum,

227 3712 289 3777 Vir
303 3711 438 3797 simplex
454 3712 680 3778 contradicere
697 3736 761 3778 non
776 3714 892 3798 potuit

183 3811 305 3879 Christi
319 3833 395 3876 vera
409 3809 517 3887 Fides,
533 3813 662 3875 essentia
677 3812 756 3895 quid
771 3812 814 3876 sit
828 3814 869 3877 ab
883 3823 948 3876 ente

224 3911 402 3976 Abstracta
416 3909 576 3995 ignorans,
593 3911 816 3997 obstupefacta
830 3921 926 3976 tacet.

182 4008 217 4073 N
218 4032 260 4074 on
274 4009 320 4074 ite
334 4007 514 4094 philosophi
528 4019 655 4093 putres:
680 4010 735 4076 sed
751 4010 886 4095 quisque
902 4011 1046 4098 magistri

225 4109 388 4194 Dogmata
402 4118 536 4172 conatur
549 4108 681 4173 reddere
696 4132 771 4174 vera
785 4109 858 4174 sui².
1166 4118 1233 4176 500

184 4207 349 4274 Scinditur
363 4206 396 4270 in
411 4217 519 4292 partes
534 4207 695 4273 Ecclesia:
720 4209 791 4274 risit
806 4220 840 4273 at
851 4209 960 4286 hostis,

226 4306 447 4393 Flanguitque
456 4306 567 4391 jacens
581 4306 747 4375 debilitate
762 4309 868 4374 Fides.

219 4506 225 4534 ¹
245 4511 413 4579 [rlqppvple
424 4507 503 4559 asoth
520 4515 628 4560 oestuons
646 4527 687 4560 uc·
739 4509 1231 4580 ²[VidelisvrarnlxLatine‚p.5ll.]

184 4609 272 4646 cessus.
308 4590 376 4645 Vide
395 4588 598 4657 Gnosssmuu]
