2656 5136
193 611 265 677 404
616 623 817 677 HISTORIA

236 786 515 853 Insuetodederat
530 788 663 855 vulnera
676 812 762 855 saera
775 788 894 855 animo.
1170 798 1240 861 w

193 887 258 952 Sec.
283 886 434 953 Crescere
448 886 521 973 plus
536 886 622 952 ultra
635 898 762 953 terrena
775 888 924 975 potentia
938 890 1073 959 nescit:

237 987 352 1053 Omnis
366 998 401 1051 et
414 986 548 1051 ambitio
561 986 608 1053 sic
621 988 737 1054 satiata
750 988 845 1074 perit.

194 1086 254 1152 Nil
268 1087 407 1152 habuere
422 1085 508 1151 ultra
522 1086 724 1172 sperandum,
737 1087 785 1153 nil
799 1088 1024 1157 metuendum

237 1184 428 1251 Pontifices:
453 1184 548 1251 cessit
562 1207 698 1271 spesque
712 1198 882 1271 metusque
896 1188 1013 1255 simul.

194 1286 333 1350 Ridebat
348 1283 474 1369 quoties
488 1286 654 1369 spectabat
667 1285 844 1371 aruspicem
857 1308 1023 1375 aruspex,

239 1382 366 1469 Ingenii
380 1382 461 1447 miro
474 1392 588 1467 captus
602 1404 710 1449 amore
724 1383 783 1447 sui.

194 1484 256 1547 Pr.
280 1481 373 1563 Quod
387 1481 494 1557 risere,
509 1503 622 1567 parum
636 1492 697 1547 est.
740 1481 885 1549 Humilia
898 1484 1062 1553 sublatus
1076 1487 1115 1553 in
1128 1488 1236 1567 sltmn

238 1580 401 1645 Insultans
416 1580 510 1646 victis
523 1580 633 1647 ludere
647 1604 733 1646 saeva
746 1581 836 1647 solet.

194 1680 340 1768 Regibus
355 1679 492 1766 imponit
505 1679 618 1745 duram
632 1690 745 1747 contra
761 1678 940 1747 Samocms

240 1780 402 1857 Militiam,
418 1780 561 1867 ipsorum
575 1780 756 1865 sumptibus
770 1780 867 1865 idque
881 1782 966 1848 suis.
1180 1792 1257 1855 20ῖο

196 1880 320 1946 Deinde
334 1879 431 1945 animi
445 1902 549 1956 eausa,
565 1902 656 1966 reges
670 1878 844 1966 populique
857 1881 993 1949 subacti

238 1979 475 2064 Experiebatur
489 1976 568 2063 quid
581 1990 716 2064 potuere
730 1978 809 2064 pati.

195 2078 359 2145 Laseirire
374 2077 456 2143 solet
470 2077 605 2142 nimium
619 2100 731 2143 secura
744 2086 903 2163 potestas:

237 2178 512 2264 Regnantumque
526 2176 605 2243 facit
614 2178 704 2261 jussa
718 2178 856 2263 superba
868 2176 976 2261 quies.

196 2276 348 2361 Namque
363 2299 458 2362 super
472 2298 586 2362 panem
601 2288 748 2341 sanctum
763 2276 790 2341 si
805 2275 935 2361 quando
953 2278 1130 2351 Sacerdos

239 2376 352 2442 Verba
367 2376 429 2440 Dei
443 2386 530 2441 recte
544 2397 633 2440 sacra
645 2375 800 2460 loquutus
813 2386 893 2452 erat,

196 2476 292 2543 Credi
308 2476 504 2561 Papajubet
519 2498 632 2561 panem
649 2498 714 2540 non
728 2475 864 2561 amplius
878 2498 962 2553 esse,

241 2576 305 2640 Sed
320 2575 387 2639 veri
402 2598 538 2651 carnem,
555 2577 752 2661 sanguinem,
768 2588 802 2641 et
815 2599 886 2641 ossa
901 2576 979 2643 Dei.

198 2674 264 2756 Qui
279 2697 342 2738 non
358 2674 515 2750 credebat,
529 2674 648 2741 Christi
663 2675 828 2761 pellendus
842 2676 921 2741 ovili

239 2774 285 2838 Et
299 2774 376 2850 rita,
393 2772 454 2837 nisi
469 2798 503 2839 se
519 2775 647 2840 credere
658 2777 757 2859 juret,
773 2787 850 2841 erat
1183 2790 1262 2851 2080

197 2874 270 2939 Nec
285 2886 391 2938 tamen
407 2874 465 2938 hac
480 2873 579 2939 erevit
590 2875 658 2958 jam
674 2898 797 2940 summa
812 2875 959 2961 potentia
975 2877 1087 2967 Papae

242 2974 344 3060 Lege:
369 2973 424 3038 sed
438 2976 479 3039 ob
495 2973 625 3058 pulchre
639 2986 730 3059 gesta
745 2975 926 3060 triumphus
940 2991 1026 3044 erat.

197 3072 283 3137 Nam
299 3074 402 3137 voluit
417 3073 477 3137 toti
493 3072 699 3137 manifestum
715 3074 845 3138 reddere
860 3076 985 3142 mundo

241 3172 441 3257 Obsequium
457 3171 592 3256 simplex
607 3196 640 3236 se
655 3172 715 3237 sibi
731 3174 811 3239 velle
826 3173 904 3249 dari,

197 3271 269 3338 Nec
284 3295 451 3358 passurum
468 3272 597 3356 impune
612 3272 701 3355 loqui
716 3296 774 3337 sua
788 3273 940 3359 dogmata
953 3288 1078 3345 contra

241 3372 446 3456 Quemquam
460 3371 641 3435 hominem:
666 3372 759 3437 Fidei
773 3396 845 3437 nam
861 3372 953 3438 dabit
968 3375 1042 3462 ipse
1058 3381 1212 3448 modum.

197 3472 270 3537 Etsi
285 3484 323 3536 tu
337 3494 451 3557 panem
467 3493 535 3534 esse
550 3481 654 3554 putas,
670 3471 697 3535 si
712 3472 830 3536 dixerit
844 3472 908 3547 ille,

243 3573 354 3635 Oescus
367 3581 419 3648 est,
436 3570 521 3635 dices
536 3582 573 3635 tu
589 3592 718 3654 quoque
736 3572 847 3635 Caseus
860 3582 912 3635 est.

199 3670 308 3738 Sensit
323 3671 406 3736 idem
423 3681 528 3735 tecum
541 3695 549 3734 :
572 3693 637 3733 nou
653 3670 776 3756 indiget
790 3682 828 3735 ut
842 3671 1008 3751 doceatur,

242 3770 372 3855 Indiget
386 3770 497 3835 officiis
511 3770 730 3853 obsequioque
744 3784 810 3834 tuo.
1177 3785 1259 3846 2090

197 3870 277 3937 Post
292 3869 410 3934 multos
424 3869 556 3954 cyathos
571 3871 768 3934 stomachum
783 3880 891 3935 moret
905 3870 1056 3951 ultimus,
1074 3888 1111 3943 et
1127 3882 1220 3965 quod

242 3972 328 4035 riute
343 3979 412 4034 erat
427 3969 582 4035 ebibitum
598 3970 742 4034 redditur
756 3993 851 4034 omne
865 3969 970 4035 simul

198 4071 349 4136 Moverat
363 4070 431 4134 haee
447 4069 565 4133 multos
579 4069 625 4133 sic
644 4070 876 4134 Troasmotatio
890 4070 1009 4148 Panis,

241 4170 292 4236 Ut
306 4170 386 4235 scita
401 4193 420 4234 a
435 4169 533 4254 Papis
549 4169 687 4255 plurima
702 4170 881 4253 rejicerent.

197 4270 337 4336 Waldus
352 4280 421 4336 erat
437 4270 567 4354 quidam
581 4269 632 4335 vir
646 4270 884 4356 Lugdunensis,
901 4280 935 4333 ct
951 4270 1039 4336 idem

241 4369 377 4455 Ingenio
392 4379 489 4453 atque
504 4369 617 4455 opibus
632 4371 735 4435 clarus
751 4370 782 4433 in
799 4371 878 4434 urbe
893 4392 970 4433 sua:

199 4470 438 4555 Scripturaeque
453 4470 556 4535 sciens
571 4493 668 4535 sacrae
682 4471 792 4547 laicus,
808 4469 988 4553 solitusque

241 4568 319 4635 Non
335 4570 412 4653 quid
428 4569 470 4635 sit
486 4570 645 4636 Dominus
660 4594 813 4655 quaerere,
829 4569 884 4636 sed
899 4570 979 4653 quid
996 4572 1068 4639 ait:
