2656 5136
209 669 256 733 44
461 676 660 735 ROSBTUM
680 680 1003 735 unounrmcuu.

14 872 82 914 nor.
95 874 184 917 xvur.
207 856 322 920 sextae
339 845 510 940 quadrati
524 847 674 922 ABCD.
727 847 868 922 Sedlss
891 846 1077 922 viceslmoe
1105 848 1253 945 quintae,

14 945 165 1063 Μ
206 975 245 1036 et
268 971 311 1036 10
329 962 482 1037 decimae
498 975 624 1055 sextae,
641 988 716 1037 uon
734 977 823 1040 sunt
841 966 1012 1061 aequales.
1065 964 1153 1039 Non
1170 978 1255 1040 sunt

14 1073 195 1194 mmm
207 1100 296 1172 ergo
314 1076 389 1164 CB,
408 1076 490 1165 to,
507 1076 559 1149 Zc
573 1077 880 1174 proportionales.

259 1188 333 1262 Sed
372 1189 552 1285 ejusmodi
591 1202 821 1287 argumenta,
859 1202 1011 1289 propter
1045 1216 1178 1266 causas
1209 1193 1254 1268 ad

208 1326 313 1399 prop.
327 1328 375 1375 xv
403 1302 617 1394 declaratas,
645 1327 758 1378 merae
787 1315 873 1379 suut
898 1305 1049 1403 spiritus
1079 1305 1254 1403 algebn‘oi

206 1417 417 1512 praestigiae,
435 1440 610 1491 numeros
634 1419 854 1516 applicantis
876 1419 1150 1516 quantitatibus
1174 1444 1253 1519 qua

208 1534 353 1606 numeri
372 1533 419 1606 ad
438 1556 631 1607 numerum
648 1557 724 1607 nou
741 1533 880 1608 habeut
895 1534 1090 1608 rationem.

201 1660 204 1667 ·
259 1647 298 1719 Si
312 1646 375 1721 BC
385 1646 501 1720 divisa
513 1646 626 1720 fuerit
638 1647 937 1744 quinquifariam,
948 1648 1019 1722 erit
1032 1647 1252 1744 quadratum

208 1783 231 1831 a
248 1757 310 1832 BF
328 1765 385 1846 64,
397 1783 530 1856 nempe
546 1772 678 1856 quarta
689 1783 775 1855 pars
786 1768 847 1835 25.
875 1759 1001 1835 Quare
1014 1759 1073 1834 Do
1086 1761 1161 1836 erit
1173 1772 1252 1856 314,

209 1884 247 1946 et
265 1872 484 1969 quadratum
503 1897 525 1947 5
543 1872 611 1947 BD
628 1874 744 1947 ooties
760 1885 920 1963 tantum,
938 1873 1016 1947 sive
1035 1882 1098 1949 50.

259 1985 334 2057 Sed
358 1985 479 2059 media
502 1986 788 2083 proportionalis
810 1986 909 2059 inter
928 1994 951 2059 8
969 1997 1008 2059 et
1027 1994 1048 2059 5
1067 1988 1141 2061 erit
1158 1986 1252 2062 latus

212 2098 325 2191 (latus
344 2099 440 2188 dico,
457 2123 534 2173 nou
556 2099 733 2193 radicem)
753 2099 898 2173 numeri
915 2107 975 2174 40.
1028 2101 1149 2174 Erunt
1165 2124 1251 2198 ergo

207 2236 282 2285 non
297 2213 405 2285 modo
421 2221 481 2301 50,
496 2220 557 2300 40,
571 2221 632 2304 32,
645 2212 834 2287 sedetiam
848 2220 908 2302 50,
923 2222 983 2303 40,
997 2222 1065 2308 314
1078 2213 1252 2289 continue

205 2329 510 2426 proportionales.
564 2327 658 2402 Quae
676 2351 787 2401 causa
811 2350 899 2422 ergo
926 2326 1035 2422 hujus
1059 2325 1251 2401 discordia

205 2465 286 2513 esse
304 2453 437 2536 potest,
459 2442 560 2534 (cum
578 2442 770 2538 perspicue
784 2440 1078 2512 demonstratum
1095 2442 1157 2530 sit,
1176 2453 1250 2513 tum

206 2555 306 2650 quod
323 2555 374 2626 Ze
391 2565 447 2626 est
463 2554 611 2651 aequalis
627 2553 777 2626 dimidio
790 2577 896 2626 arcus
910 2552 990 2642 AC,
1004 2566 1084 2626 tum
1099 2554 1250 2650 quadra·

207 2680 284 2740 tum
300 2669 346 2740 ab
361 2668 432 2742 ΥΟ
444 2668 584 2764 aequale
596 2691 674 2741 esse
689 2667 823 2740 sectori
838 2666 931 2760 CL),
946 2667 1017 2739 nisi
1030 2668 1130 2764 quod
1149 2668 1250 2742 lineae

208 2780 342 2868 ductae,
374 2780 413 2852 id
448 2794 504 2853 est
538 2780 737 2853 divisibiles
772 2779 973 2852 secuudum
1007 2780 1249 2870 latitudinem,

207 2893 412 2989 comparari
440 2917 525 2965 eum
547 2892 656 2965 lineis
680 2893 792 2988 puris,
811 2890 848 2964 id
867 2901 923 2964 est
948 2891 1026 2964 sine
1043 2890 1250 2983 latitudine,

207 3030 284 3078 non
301 3006 481 3102 possunt?
527 3005 602 3079 Sed
619 3018 739 3079 rectas
757 3006 832 3095 CB,
851 3006 912 3094 Ze,
931 3030 988 3103 eq,
1006 3004 1048 3078 lrI
1067 3030 1149 3080 esse
1167 3033 1250 3082 eon-

206 3120 310 3192 tinue
328 3120 635 3216 proportionales,
650 3118 965 3194 demonstratione
983 3134 1162 3215 sequente
1181 3122 1250 3194 cla-

107 3238 111 3243 ’
207 3234 350 3306 rissime
368 3234 571 3330 explicabo.

260 3347 427 3421 consecr.
460 3348 579 3422 Arous
608 3346 670 3421 CL
697 3348 818 3420 minor
847 3355 903 3419 est
933 3358 1092 3441 quatuor
1115 3347 1251 3444 quintis

205 3460 299 3533 radii
318 3459 395 3536 DC.
449 3463 587 3537 Omnes
613 3462 711 3535 euim
734 3462 836 3534 sinus
860 3460 967 3547 versi,
986 3483 1078 3554 quos
1101 3461 1141 3534 in
1166 3486 1250 3559 qua-

206 3574 338 3647 drante
358 3572 461 3649 1)Αο
480 3575 565 3648 duci
591 3574 765 3669 possibile
783 3587 850 3663 est,
868 3572 1024 3669 aequales
1042 3585 1130 3649 suut
1146 3574 1251 3648 simul

206 3687 343 3783 sumpti
366 3711 462 3761 areae
487 3688 600 3783 ipsius
624 3687 850 3784 quadrantis
869 3701 908 3759 et
929 3711 996 3782 per
1014 3711 1250 3785 consequeus,

206 3799 386 3895 quadrato
423 3796 589 3887 DYQM,
618 3802 695 3872 sive
725 3813 885 3897 quatuor
915 3799 1051 3895 quintis
1083 3800 1252 3896 quadrati

204 3912 352 3984 ABCD.
399 3913 447 3984 Et
465 3912 645 4010 siquidem
664 3913 764 3987 sinus
782 3914 837 3986 illi
852 3914 948 3986 versi
965 3914 1252 3988 terminarentur

205 4047 333 4098 omnes
358 4026 396 4096 iu
421 4025 501 4120 ipso
526 4050 626 4115 arcu,
651 4025 829 4100 deberent
853 4026 926 4099 duo
952 4027 1069 4099 latero
1089 4028 1166 4118 BC,
1187 4029 1251 4103 CD

205 4139 377 4235 quadrati
396 4137 531 4211 ABCD
551 4163 629 4212 esse
648 4138 696 4211 ad
714 4140 804 4213 duas
822 4139 989 4212 semisses
1006 4164 1114 4214 arcus
1133 4143 1198 4216 Ac
1214 4143 1251 4215 in

204 4253 349 4325 ratione
367 4249 432 4324 OD
451 4251 497 4324 ad
516 4251 584 4324 DY
597 4252 803 4348 duplicata:
822 4251 973 4325 sednon
989 4264 1046 4325 est
1063 4254 1127 4327 ita.
1156 4256 1250 4329 Nam

204 4368 274 4439 etsi
301 4364 466 4437 diviseris
492 4365 626 4439 lineam
645 4365 703 4437 vel
729 4367 839 4439 aliam
862 4366 1108 4463 quantitatem
1134 4369 1247 4443 eonti-

204 4503 318 4553 nuam
340 4478 378 4550 in
404 4491 596 4568 aeternum,
620 4503 809 4576 nunquam
837 4493 959 4552 tamen
986 4482 1180 4576 pervenies
1205 4481 1248 4555 ad

205 4595 314 4668 nihil:
350 4593 436 4689 quia
463 4594 652 4690 quantitas
687 4594 862 4668 continua
897 4593 1088 4669 divisibilis
1124 4611 1181 4670 est
1212 4596 1247 4668 iu
