2656 5136
74 622 147 687 252
451 636 735 691 onrncrrouns

14 828 33 868 o
72 798 175 874 fuere
192 801 412 898 propositaet
438 802 556 901 iisqne
573 827 661 878 usus
686 826 779 893 sum,
796 826 872 876 non
898 811 940 876 ut
957 825 1025 899 pro
1051 826 1117 876 no-

72 915 127 986 vis
156 915 398 1006 venditarem,
428 917 494 991 sed
523 917 659 1014 partim
689 926 734 989 ut
762 916 941 990 lectorum
976 916 1118 990 animos

70 1051 314 1124 praepararem
347 1030 396 1104 ad
428 1054 488 1105 res
517 1030 784 1105 intellectuales
818 1030 1116 1120 considerandas,

70 1140 222 1238 illasque
239 1166 262 1215 a
278 1144 463 1240 corporeis
482 1142 772 1239 distinguendas,
790 1140 837 1215 ad
855 1142 953 1239 quod
967 1144 1116 1216 omnino

69 1255 287 1330 necessariae
313 1257 404 1332 mihi
420 1256 617 1343 videntur;
643 1257 793 1354 partim,
810 1268 852 1328 ut
877 1255 927 1329 ad
952 1257 1051 1353 ipsas
1078 1258 1117 1329 in

70 1369 308 1463 sequentibus
328 1367 644 1444 Meditotionibua
666 1367 925 1466 responderem
941 1400 951 1452 ;
978 1384 1015 1442 et
1032 1394 1117 1465 par-

69 1479 136 1552 tim
155 1481 278 1565 etiam,
292 1495 335 1556 ut
352 1482 581 1557 ostenderem
595 1507 704 1580 quam
722 1485 838 1557 tirmae
856 1484 930 1556 sint
943 1484 1116 1557 veritates

69 1615 160 1686 quas
177 1605 305 1688 postea
321 1617 501 1691 propono,
517 1594 815 1693 quandoquidem
837 1596 884 1668 ab
902 1596 981 1669 istis
999 1609 1116 1669 meta-

68 1705 229 1800 physicis
264 1704 554 1781 dubitationibus
588 1707 804 1782 labefactari
839 1731 914 1781 non
948 1722 1114 1805 possunt.

68 1816 198 1913 Itaque
215 1817 354 1891 nullam
372 1842 418 1892 es
445 1842 571 1892 earnm
597 1820 813 1893 recensione
842 1819 988 1894 laudem
1016 1845 1115 1916 quae-

69 1930 156 2002 sivi:
183 1930 247 2004 sed
264 1956 339 2005 non
356 1942 447 2028 puto
466 1955 525 2005 me
542 1932 660 2028 magis
684 1931 784 2027 ipsas
811 1932 984 2007 omittere
1006 1947 1115 2030 potu-

68 2042 152 2131 isse,
172 2068 282 2140 quam
300 2042 491 2118 medicinae
507 2044 664 2141 scriptor
680 2044 800 2118 morbi
831 2044 1113 2143 descriptionem

69 2158 172 2252 cujus
191 2157 344 2231 curandi
361 2156 577 2235 methodum
594 2157 674 2231 vult
691 2156 836 2231 docere.

461 2418 537 2472 OBJ
544 2418 660 2471 nc'r10
680 2419 726 2470 11.

256 2571 312 2623 AD
330 2570 661 2622 MEDITATIONEM
682 2568 925 2621 SECUNDAM.

316 2697 377 2771 De
389 2706 526 2771 natura
543 2697 673 2770 mentis
690 2697 863 2770 lrumonae.

120 2839 210 2912 Sum
227 2862 291 2911 res
307 2837 510 2936 cogitans:
534 2849 647 2909 recte.
700 2837 796 2909 Nam
815 2859 860 2909 ex
879 2833 1036 2932 eoquod
1054 2859 1114 2908 co·

67 2953 159 3050 gito,
181 2954 256 3026 sive
273 2953 493 3049 phantasma
509 2951 639 3040 habe0‚
657 2950 732 3024 sive
750 2950 905 3046 vigilans
924 2951 999 3022 sive
1018 2974 1114 3021 som-

67 3068 186 3156 nians,
216 3066 403 3163 colligitur
435 3064 642 3161 quodsum
672 3065 862 3160 cogitans:
890 3063 986 3136 idem
1014 3064 1113 3135 enim

68 3179 278 3277 significant
304 3179 428 3278 cogito
451 3190 488 3251 et
514 3202 592 3251 aum
623 3178 810 3276 cogitans.
862 3177 919 3248 Ex
950 3177 1112 3270 eoquod

68 3318 148 3367 sum
176 3294 355 3390 cogitans,
382 3292 548 3389 seqnitur
574 3315 647 3389 ego
678 3314 784 3362 sum:
821 3289 907 3385 quia
940 3289 979 3359 id
1013 3288 1112 3382 quod

68 3407 220 3504 cogitat,
238 3418 385 3480 nonest
403 3403 506 3477 nihil.
559 3404 632 3477 Sed
661 3404 724 3475 ubi
748 3401 950 3496 subjungit,
970 3400 1039 3471 hoc
1053 3411 1112 3472 est

68 3545 178 3609 mena,
208 3516 611 3606 averruncandorum
638 3517 752 3603 ratio,
770 3515 886 3587 oritur
915 3512 1110 3589 dubitatio

66 3633 153 3706 Non
176 3633 275 3706 enim
291 3630 436 3704 videtur
458 3643 560 3702 recta
587 3627 870 3724 argumentatio,
890 3624 1012 3698 dicere
1041 3651 1111 3722 ego

66 3770 145 3817 sum
162 3746 346 3844 cogitans,
364 3767 459 3842 ergo
475 3766 554 3814 aum
569 3739 773 3838 cogitatio:
800 3762 919 3834 neque
943 3763 1013 3836 ego
1032 3764 1112 3810 sum

66 3857 294 3957 intelligens,
328 3880 422 3954 ergo
451 3878 530 3926 som
562 3851 785 3925 intellectus.
848 3851 945 3923 Nam
981 3850 1111 3923 eodem

66 3971 176 4045 modo
193 3993 339 4066 possem
357 3968 478 4041 dicere
501 3989 581 4038 sum
602 3963 808 4053 ambulans,
825 3989 917 4062 ergo
940 3990 1018 4037 sum
1035 3991 1110 4036 urn-

66 4084 218 4158 bulatio.
270 4082 390 4156 Sumit
407 4104 495 4176 ergo
513 4080 557 4153 D.
584 4078 769 4151 Cartesins
795 4077 894 4151 idem
923 4103 1000 4151 esse
1032 4104 1111 4151 rem

64 4198 330 4295 intelligentem
348 4207 386 4268 et
401 4192 700 4280 intellectionem,
713 4214 796 4287 quae
809 4202 864 4265 est
881 4204 986 4264 actus
1005 4192 1111 4263 intel-

63 4313 234 4410 ligentis:
254 4310 311 4384 vel
329 4308 461 4383 saltem
477 4307 576 4380 idem
593 4329 673 4379 esse
691 4328 769 4378 rem
787 4305 1054 4401 intelligentem
1073 4317 1110 4376 et

64 4426 302 4514 intellectum,
321 4425 383 4521 qni
401 4435 456 4496 est
473 4420 640 4518 potentia
665 4418 918 4515 intelligentis.
971 4418 1109 4490 Omnes

63 4553 187 4614 tamen
204 4537 410 4636 philosophi
429 4535 662 4631 distinguunt
687 4531 895 4627 subjectum
912 4557 934 4604 a
957 4532 1030 4604 suis
1058 4531 1108 4603 fa-
