2656 5136
216 655 289 720 396
640 671 842 726 nrsroms

259 836 349 922 Papo
363 859 449 914 suus,
464 837 585 924 populo
597 838 822 925 conspiciente,
835 838 914 906 Leo.

214 931 287 999 Nec
301 935 394 1000 facile
409 936 557 1001 exultans
571 937 708 1022 populus
722 961 781 1002 sus
794 938 912 1024 gaudis
926 939 1021 1017 texit,

258 1033 364 1100 Corde
377 1058 443 1101 uno
457 1058 548 1122 reges
560 1035 656 1114 llaetns
670 1035 787 1102 habere
802 1036 891 1102 duos

214 1131 265 1198 Ut
281 1157 355 1199 vero
370 1134 467 1219 capiti
482 1134 566 1221 regis
581 1134 652 1201 Leo
666 1135 757 1222 Papo
771 1160 921 1202 coronam

257 1233 425 1318 Imposuit,
441 1234 546 1300 verbis
560 1246 595 1300 et
609 1235 775 1300 benedixit
788 1236 839 1301 ei:

213 1331 310 1397 Unus
324 1343 358 1396 et
372 1333 454 1398 ulter
467 1344 537 1398 erat
551 1333 608 1417 qui
623 1333 708 1399 clere
722 1357 800 1400 voce
815 1355 901 1399 uuus
916 1355 986 1400 nsr

256 1431 358 1507 Dixit,
374 1431 538 1509 fortuitus,
554 1433 670 1510 nescio,
685 1456 726 1498 on
741 1434 914 1520 oppositus.

211 1528 307 1595 Tune
322 1530 424 1596 veluti
439 1531 567 1615 quando
582 1530 717 1597 nimium
732 1531 892 1597 ferventia
905 1532 995 1618 ligno

255 1629 349 1694 Intus
364 1652 448 1696 saevo
462 1630 576 1696 ardent
589 1630 674 1718 igne,
689 1630 811 1696 latente
827 1643 954 1707 tomen3

211 1728 356 1794 Admota
370 1729 476 1794 seculo
488 1729 650 1796 collucent
664 1731 771 1796 omnia
785 1730 932 1807 flammis,

254 1826 416 1893 Monstrat
430 1837 465 1893 et
478 1828 622 1894 ardorem
637 1828 737 1894 libem
750 1828 878 1894 flumme
892 1852 1005 1894 suum:

211 1926 265 1991 Sic
280 1927 405 2013 vulgus,
420 1927 516 1993 simul
530 1951 567 1994 ec
581 1928 732 1994 sensisset
746 1931 843 1994 verbo
858 1949 943 1994 nnus
958 1949 1041 2006 uxr,

252 2023 398 2090 Vocibus
413 2026 553 2092 extensis
567 2046 637 2090 usn
653 2046 739 2090 uuus
752 2049 847 2092 omne
861 2036 964 2092 sonat.

208 2123 289 2189 Post
303 2125 373 2190 haec
389 2124 617 2193 Christicolum
631 2137 799 2212 coeperunt
813 2149 912 2213 regno
927 2126 1030 2192 videri

252 2223 332 2290 Esse
347 2226 422 2291 dots
436 2250 455 2291 a
469 2226 568 2313 Papis
582 2226 697 2299 omnio,
708 2226 783 2311 jure
794 2225 866 2290 Dei.

210 2321 275 2389 Sed
289 2347 353 2388 non
368 2325 532 2411 prospexit
546 2327 715 2391 verborum
729 2324 973 2410 posteritatem,

252 2422 327 2487 Aut
341 2424 431 2508 parvi
446 2424 523 2488 fecit
537 2446 595 2489 rex
609 2446 785 2509 generosus
801 2446 880 2489 eam.

209 2521 293 2603 Quae
308 2523 435 2588 tandem
452 2522 598 2607 neglecta
612 2522 645 2586 in
661 2522 765 2608 legem
783 2522 908 2588 transiit
924 2546 994 2599 usu,

250 2621 296 2686 Et
311 2645 424 2708 regum
438 2622 514 2687 fecit
525 2623 599 2706 juro
614 2623 719 2687 volere
737 2646 860 2708 parum.

208 2719 291 2802 Quae
308 2719 415 2787 Caroli
430 2720 553 2786 soboles
567 2733 701 2785 conatur
715 2721 846 2786 reddere
861 2721 962 2797 firmo„

249 2819 402 2895 Frustra3
427 2842 499 2883 nom
517 2818 622 2884 Coesar
636 2820 682 2883 nil
697 2820 757 2884 nisi
773 2842 888 2885 nomen
904 2831 992 2884 emt:

205 2917 345 2995 Nomen,
360 2918 517 2995 amicitiis,
533 2918 687 3004 regnique
703 2919 811 3005 vigore
827 2918 960 3004 paterni,

248 3018 397 3105 Egregiis
412 3018 514 3095 foetis
530 3019 585 3083 vix
600 3029 731 3084 tenuere
746 3030 862 3083 tamen·

205 3116 281 3181 Una
296 3128 485 3202 potestatem
502 3128 624 3203 partam
640 3141 726 3183 nune
742 3141 818 3182 cura
833 3116 992 3190 manebat,

248 3216 298 3282 Ut
313 3218 443 3302 quantis
457 3218 598 3283 colerent
612 3218 734 3283 artibus
750 3226 833 3281 esset
847 3239 936 3301 opus.

204 3316 328 3393 Altero,
344 3340 384 3381 ne
399 3326 529 3402 possent
544 3340 600 3381 sua
611 3317 686 3401 jura
700 3338 863 3400 reposcere
880 3336 978 3400 reges.

247 3416 281 3479 N
283 3440 300 3482 e
315 3416 424 3503 populi
440 3427 597 3502 saperent,
613 3415 709 3480 tertia
723 3438 799 3479 eura
815 3413 885 3478 fuit

202 3516 291 3603 Ergo
306 3517 504 3582 secerdotum
520 3525 702 3581 statuerunt
717 3538 756 3580 ne
771 3514 843 3599 quis
857 3513 989 3578 haberet

246 3617 389 3683 Uxorem
406 3616 573 3702 propriam.
622 3614 685 3681 Sed
700 3626 840 3680 statuere
855 3636 955 3679 senes.

201 3716 265 3781 Sec.
291 3716 326 3779 A
341 3726 452 3802 stupro
468 3714 597 3780 veniens
613 3714 719 3798 potuit
734 3714 892 3778 celebrare
907 3711 1072 3777 socerdos:

245 3816 280 3879 A
295 3815 422 3900 propria
436 3814 567 3879 veniens
581 3815 717 3899 conjuge
732 3836 795 3877 non
811 3812 940 3897 potuit?
1170 3821 1260 3882 1790

200 3915 261 3978 Pr.
285 3913 362 3979 Non
378 3925 494 3997 quotu
510 3912 588 3977 reris
603 3912 706 3997 legem
722 3911 846 3977 tinxere
861 3913 974 3987 colore,

244 4014 307 4080 Sed
322 4013 432 4098 quide
450 4011 546 4078 Sucro
563 4010 680 4077 Codice
695 4022 841 4096 sumptus
857 4022 933 4075 erat

200 4115 241 4180 In
256 4138 354 4201 regno
370 4112 518 4179 Christus
533 4111 656 4176 coelesti
671 4111 749 4177 dicit
765 4123 883 4197 aperte,

244 4213 440 4300 Conjugium
455 4211 578 4276 nullum
593 4236 600 4273 :
625 4234 689 4275 non
704 4211 802 4277 viret
817 4232 898 4274 uxor
914 4208 985 4274 erit.

199 4313 358 4380 Omnibus
374 4321 407 4376 et
421 4311 512 4396 regni
527 4308 644 4374 sanctis
659 4309 839 4375 haeredibus
854 4310 948 4394 hujus

241 4411 401 4499 Angelieo
416 4410 513 4475 vitam
527 4408 633 4473 vivere
648 4432 734 4473 more
750 4408 852 4473 datur.

555 4609 561 4644 ¹
584 4605 665 4670 [vide
684 4607 888 4674 duossimus]
