2656 5136
386 629 474 683 aux
493 627 809 681 uarasnarrca.
1048 614 1113 680 121

63 818 140 892 ergo
156 794 350 892 proprius
375 795 425 869 ad
451 808 622 870 naturam
650 806 761 871 rectoe
787 796 986 894 perimeter
1001 796 1119 891 major
1133 818 1327 862 cosmom-

65 932 162 1004 qnam
182 909 333 984 minor.
1173 901 1222 941 rra
1235 899 1291 939 vn.

1160 966 1304 1005 κ-Ὑ-α

106 1021 304 1095 Wallisius
322 1021 418 1095 nihil
436 1021 536 1095 aliud
553 1022 692 1118 objicit,
710 1045 820 1115 quam
839 1020 938 1117 quod
963 1020 1119 1095 totidem

66 1134 238 1207 flexiones
256 1134 410 1208 faciunt
427 1135 554 1207 circuli
569 1135 809 1230 perimetrum
827 1134 976 1229 majoris
1000 1145 1039 1206 et
1054 1134 1119 1206 mi·

68 1248 172 1334 noris,
190 1247 232 1321 id
252 1257 326 1331 est,
345 1260 513 1321 exrecta
535 1247 639 1320 brevi
658 1260 695 1320 et
717 1247 829 1342 longa
846 1247 974 1320 iisdem
992 1249 1121 1320 flexio-

69 1360 169 1433 nibus
196 1361 243 1433 fit
274 1360 480 1456 perimetur
506 1384 752 1458 quaecunque:
778 1361 876 1457 quod
904 1372 963 1433 est
990 1373 1122 1435 contra

69 1473 188 1546 lumen
203 1472 394 1546 naturale.

116 1587 306 1661 Praeterea
324 1587 408 1681 quis
425 1586 581 1675 dubitat,
608 1588 695 1682 quin
714 1611 799 1683 pars
818 1588 950 1684 exigua
967 1587 1120 1682 superfi-

73 1701 136 1774 ciei
153 1700 313 1797 sphaerae
330 1700 502 1773 maximoe
517 1699 661 1795 planior
683 1701 742 1787 sit,
767 1723 876 1796 quam
901 1698 1119 1772 tantundem

73 1812 275 1909 superficiei
295 1813 335 1884 in
350 1812 496 1908 sphaera
511 1813 686 1885 minima:
713 1825 750 1885 et
767 1826 974 1908 propterea,
993 1835 1121 1886 omnes

74 1926 174 1999 simul
192 1938 322 2023 partes
340 1925 510 1997 omnibus
534 1925 642 1998 simul
668 1926 832 2022 partibus
850 1948 928 1997 esse
952 1927 1120 2021 majores.

76 2037 197 2113 Sentio
210 2062 304 2135 ergo
319 2062 405 2111 cum
421 2037 622 2111 Hobbesio.

383 2333 702 2386 CONTROVERSIA
721 2336 816 2387 VIII.

81 2530 85 2535 .
121 2474 181 2548 De
197 2475 409 2572 optatione
422 2473 530 2548 linem
547 2487 659 2550 rectae
675 2489 712 2552 et
730 2503 840 2551 orcus
854 2478 997 2552 circrcli.
1047 2501 1121 2552 ao-

81 2610 164 2662 surr
182 2612 291 2685 prop.
310 2611 345 2659 v.

123 2699 344 2798 Repetenda
360 2712 417 2773 est
433 2701 505 2774 hoc
526 2700 608 2775 loco
633 2703 745 2800 ipsius
765 2705 944 2784 Hobbesii
970 2704 1121 2777 demon-

81 2816 204 2889 stratio
223 2826 263 2888 et
279 2815 411 2910 figura.
445 2815 512 2887 Est
528 2816 625 2888 enirn
639 2817 828 2912 problema
842 2818 1121 2907 nobilissimum,

80 2929 268 3001 asummis
293 2940 332 3000 et
358 2927 442 3000 imis
459 2931 657 3024 geometris
684 2931 748 3005 diu
766 2933 960 3028 quaesitum
985 2932 1122 3005 frustra

79 3054 112 3114 et
127 3041 206 3114 fere
224 3039 485 3136 desperatum:
504 3043 604 3138 quod
623 3045 833 3118 Hobbesius
851 3046 1121 3119 demonstrasse

80 3177 115 3227 se
130 3165 238 3251 putat
257 3152 329 3226 hoc
347 3152 471 3226 modo.

122 3266 254 3340 Media
276 3266 560 3361 proportionalis
585 3268 682 3342 inter
709 3269 1020 3343 semidiametrum
1050 3270 1122 3343 cir-

77 3381 146 3453 culi
167 3390 208 3452 et
234 3376 399 3474 ejusdem
428 3378 519 3453 duas
547 3382 705 3476 quintas,
722 3383 870 3479 aequalis
898 3396 955 3457 est
981 3382 1124 3457 duabus

78 3492 214 3589 quintis
228 3502 372 3588 quartae
389 3493 506 3588 partis
524 3494 663 3568 circuli.

125 3605 367 3680 Describatur
399 3606 475 3701 (fig.
494 3609 532 3699 v)
566 3608 749 3703 quadrans
780 3609 909 3682 circuli
938 3610 1053 3699 DAC,
1083 3622 1124 3685 et

78 3719 307 3816 compleatur
324 3717 544 3814 quadratum
562 3721 705 3794 ABCD.
772 3722 815 3794 In
836 3722 950 3796 latere
968 3723 1034 3796 Dc
1050 3723 1124 3819 sig-

78 3847 186 3905 netur
202 3831 281 3922 ΒΤ,
301 3829 384 3905 duae
411 3831 525 3928 ipsius
542 3834 705 3929 quintae:
733 3848 771 3909 et
794 3837 891 3909 inter
908 3837 974 3910 DC
1003 3849 1041 3910 et
1058 3837 1125 3911 ΒΤ

80 3957 243 4019 sumatur
259 3944 382 4017 media
401 3947 683 4042 proportionalis
701 3948 782 4036 DR,
796 3961 838 4021 ut
856 3950 930 4022 sint
951 3949 1027 4041 DC,
1042 3951 1123 4042 ult,

83 4057 157 4146 ΒΤ,
174 4058 351 4132 continue
377 4060 694 4154 proportionales:
725 4075 763 4135 et
787 4061 1042 4137 describantur
1065 4089 1124 4138 ar-

85 4193 142 4245 cus
159 4172 234 4259 RS,
245 4171 311 4243 TV
324 4171 558 4267 quadrantes.
609 4175 676 4247 Est
693 4199 799 4249 arcus
810 4177 874 4249 TV
888 4176 971 4250 duae
985 4180 1125 4274 quiutae

85 4305 183 4356 arcus
200 4283 278 4357 CA.

131 4397 229 4472 Dicit
245 4422 374 4472 arcum
390 4399 455 4472 TV
472 4411 509 4473 et
527 4413 665 4476 rectam
683 4403 753 4476 DR
770 4427 848 4477 esse
865 4404 1035 4500 aequales.
