2656 5136
88 564 161 642 272
465 583 751 638 onrucrrouas

31 768 50 808 ο
86 746 272 844 triangulo
285 749 376 839 viso,
387 750 445 824 vel
462 774 509 824 ex
521 750 609 824 visis
626 752 726 824 ficto.
770 749 864 824 (lum
881 763 1004 826 autem
1022 754 1142 827 semel

1 848 11 888 ²
86 883 177 949 rem,
195 861 294 935 unde
321 876 494 959 putamus
521 863 608 936 oriri
632 863 754 937 ideam
777 864 965 960 trianguli,
985 867 1141 941 nomine

85 973 262 1069 trianguli
293 976 608 1072 appellaverimus,
637 1000 847 1073 quanquam
882 979 978 1073 perit
1013 979 1141 1075 ipsum

86 1088 323 1183 triangulum,
342 1114 477 1163 nomen
495 1101 633 1164 manet.
683 1088 823 1163 Eodem
842 1091 964 1180 modo,
983 1093 1014 1164 si
1032 1094 1141 1188 cogi-

85 1201 225 1274 tatione
252 1214 378 1275 nostra
404 1203 517 1279 semel
543 1203 822 1300 conceperimus
844 1204 999 1299 angulos
1017 1207 1141 1278 trian-

84 1312 162 1410 guli
190 1339 318 1389 omnes
345 1317 454 1389 simul
476 1317 615 1414 aequari
638 1316 782 1390 duobus
799 1317 922 1406 rectis,
942 1331 979 1390 et
995 1342 1139 1392 nomen

85 1425 157 1500 hoc
180 1427 337 1502 alterum
366 1429 576 1504 dederimus
599 1429 797 1526 triangulo,
817 1428 952 1503 hubent
973 1441 1051 1503 tres
1069 1459 1137 1505 on·

82 1539 196 1636 gulos
225 1540 389 1639 ecqualcc
415 1541 557 1616 duobus
580 1542 722 1616 rectis:
748 1542 818 1616 etsi
834 1543 956 1616 nullus
973 1546 1137 1639 angulus

85 1651 260 1728 existeret
293 1655 332 1727 in
367 1655 519 1744 mundo,
549 1667 674 1728 tamen
708 1679 844 1728 nomen
879 1670 1056 1746 maneret,
1094 1672 1137 1732 et

84 1766 308 1862 sempiterna
340 1769 412 1840 erit
444 1767 579 1842 veritas
611 1767 874 1865 propositionis
908 1769 1026 1857 istius,
1063 1773 1135 1844 tri·

84 1878 261 1976 angulum
295 1890 354 1953 eat
386 1879 522 1954 habens
551 1889 630 1953 tres
657 1879 818 1979 angulos
845 1881 987 1954 duobus
1017 1884 1136 1956 rectis

83 1993 257 2090 oeqcolca.
311 1994 385 2068 Sed
409 2018 485 2068 non
513 1993 584 2068 erit
605 1995 828 2090 sempiterna
853 2006 988 2069 natura
1014 1997 1134 2070 trian-

83 2106 172 2202 guli,
191 2108 223 2179 si
239 2106 336 2181 forte
353 2130 462 2180 omne
478 2106 704 2203 triangulum
721 2107 870 2202 periret.

132 2219 231 2293 Vera
247 2219 416 2293 similiter
438 2219 478 2293 in
500 2230 681 2293 aetemum
704 2221 774 2293 erit
791 2221 1006 2316 propositio,
1024 2220 1133 2295 homo

82 2341 140 2404 cst
157 2332 309 2422 animal,
327 2342 478 2429 propter
502 2332 654 2406 nomina
676 2343 814 2405 aeterna
829 2360 838 2404 :
867 2332 933 2406 sed
950 2349 1133 2429 pereunte

82 2467 218 2541 genere
235 2446 410 2535 humano,
424 2469 500 2518 non
518 2446 587 2519 erit
603 2445 760 2541 amplius
777 2457 912 2518 natura
929 2447 1105 2523 humana.

133 2558 242 2632 Unde
271 2572 418 2633 constat
446 2560 656 2647 carentiam,
681 2571 862 2655 quatenus
889 2560 1133 2656 distinguitur

81 2671 128 2743 ab
163 2671 376 2761 existentia,
410 2672 501 2745 nihil
529 2672 629 2745 aliud
664 2684 907 2767 essepraeter
937 2675 1132 2749 nominum

81 2784 351 2880 copulationem
385 2810 452 2883 per
482 2787 634 2859 verbum
664 2796 745 2859 est:
780 2786 935 2882 ideoque
970 2793 1132 2865 essentia

81 2898 220 2995 absque
254 2899 449 2973 existentia
479 2911 535 2973 est
566 2911 813 2973 commentum
849 2912 1024 2973 nostrum.
1079 2905 1132 2977 Et

80 3011 227 3085 videtur
244 3036 322 3086 esse
338 3023 381 3085 ut
398 3013 520 3108 imago
544 3012 703 3085 hominis
727 3014 764 3085 in
789 3013 912 3085 animo
937 3013 984 3085 ad
1007 3014 1132 3088 homi-

80 3149 177 3215 nem,
191 3127 246 3199 ita
262 3150 340 3200 esse
358 3127 554 3200 essentiam
568 3126 615 3198 ad
632 3127 892 3199 existentiam:
912 3127 971 3198 vel
989 3138 1030 3198 ut
1048 3128 1130 3202 haec

80 3239 294 3336 propositio,
318 3241 491 3313 Socrates
520 3248 576 3310 eat
600 3237 715 3322 horto,
735 3239 782 3311 ad
812 3240 920 3328 hanc,
947 3239 1130 3314 Socrates

79 3362 137 3425 ert
158 3352 217 3425 rel
246 3352 389 3440 existit,
416 3352 470 3424 ita
504 3351 667 3424 Socratis
694 3352 853 3424 essentia
884 3352 931 3424 ad
961 3354 1130 3447 ejusdem

79 3465 324 3539 existentiam.
388 3464 471 3538 Jam
518 3465 695 3537 Socrates
730 3474 787 3535 est
828 3463 942 3548 homo,
977 3467 1128 3560 quando

80 3580 250 3652 Socrates
274 3576 410 3666 existit,
428 3576 612 3673 significat
639 3576 904 3647 connexionem
932 3578 1128 3652 nominum

79 3704 244 3766 tantum:
271 3703 309 3765 et
338 3700 396 3763 eat
420 3689 496 3763 sive
526 3713 609 3762 erae
632 3689 744 3761 habet
767 3690 834 3761 sub
863 3712 901 3761 se
925 3690 1127 3786 imaginem

78 3804 230 3879 unitatis
248 3805 302 3878 rei
319 3803 462 3877 duobus
481 3801 690 3874 nominibus
711 3802 920 3874 nominatae.

473 4012 722 4065 RESPONSIO.

127 4133 229 4206 Nota
258 4143 314 4205 est
347 4131 516 4204 omnibus
551 4130 718 4203 essentiae
748 4130 794 4202 ab
825 4131 1018 4203 existentia
1049 4131 1125 4205 dis-

76 4247 231 4324 tinctio:
259 4259 297 4321 et
330 4269 412 4343 quae
446 4245 507 4316 hic
542 4244 587 4316 de
621 4244 830 4317 nominibus
864 4245 1009 4316 aeternis
1039 4245 1124 4317 loco

76 4375 323 4459 conceptuum
347 4359 423 4432 sire
449 4357 615 4431 idearum
640 4371 788 4430 aeternae
807 4359 973 4430 veritatis
991 4358 1123 4431 dicun-

74 4491 147 4566 tur,
161 4479 238 4573 jam
258 4487 344 4549 ante
361 4473 512 4555 luerunt
531 4471 621 4546 satis
639 4472 800 4568 explosa.
