2656 5136
520 657 747 710 ramnurro.
1130 642 1201 706 345

63 833 218 899 incumbit
232 856 315 898 cura
363 833 438 899 Non
455 834 540 919 quod
560 834 738 911 Themessos,
755 835 910 910 moratas,
927 842 983 898 aut
1003 832 1109 898 nescio
1125 854 1205 915 quos

63 952 244 1037 Sercplicoc
258 952 339 1017 tanti
354 952 541 1017 habeamus:
566 953 620 1018 sed
636 952 762 1018 Nieaeni
777 952 900 1029 Patres,
914 951 1068 1038 sapientia
1079 949 1203 1028 Graeca,

62 1083 97 1137 et
117 1095 251 1158 magnus
274 1073 326 1138 ille
350 1072 551 1140 Athanasius
573 1073 699 1139 authori
723 1084 832 1138 nostro
854 1072 982 1137 horrida
1002 1071 1087 1137 bella
1107 1070 1205 1136 inter-

62 1191 232 1255 minantur.
278 1193 330 1257 At
359 1193 526 1258 dicendum
556 1203 606 1257 est
634 1216 707 1257 eum
736 1193 769 1256 in
799 1192 868 1257 istis
897 1190 1057 1278 mysteriis
1081 1191 1205 1277 poetice

62 1311 241 1394 aliquando,
258 1313 473 1397 potiusquam
492 1314 663 1391 Oatlrolice,
675 1312 817 1378 delirare.

108 1431 171 1496 Sed
187 1455 262 1496 vero
277 1443 309 1497 et
325 1433 416 1497 istius
431 1433 538 1498 saeculi
548 1432 653 1497 Divus
663 1432 717 1497 ille
729 1430 883 1506 Hilarius,
895 1430 936 1494 ad
947 1429 1203 1496 Constantinum¹

62 1551 252 1637 Augustum
274 1554 365 1629 libro,
388 1554 496 1618 eadem
515 1553 668 1638 queritur.
714 1551 875 1619 “Conscii
896 1575 1005 1616 sumus
1026 1551 1111 1635 quod
1133 1561 1206 1637 post

62 1680 82 1708 ‘⁶
94 1671 128 1733 N
132 1672 263 1736 icaenam
280 1673 445 1757 Synodum
468 1673 546 1737 nihil
569 1672 655 1738 aliud
677 1695 773 1756 quam
795 1671 890 1736 fidem
912 1671 1104 1737 scribimus²t
1128 1670 1205 1735 dum

63 1798 83 1826 “
99 1790 131 1852 in
148 1791 252 1854 verbis
275 1815 382 1876 pugna
397 1803 454 1867 est,
470 1789 546 1855 dum
561 1789 601 1856 de
616 1791 811 1857 novitatibus
831 1790 966 1874 quaestio
981 1800 1039 1866 est,
1057 1787 1148 1875 [dum
1165 1788 1205 1854 ds

63 1917 82 1946 “
98 1909 255 1995 ambiguis
270 1911 390 1974 occasio
405 1923 463 1987 est,
479 1911 555 1974 dum
577 1910 616 1975 de
632 1909 796 1975 autoribus
818 1908 948 1992 querela
962 1907 1050 1996 est³,]
1074 1909 1150 1973 dum
1165 1908 1205 1974 de

64 2035 84 2063 “
99 2028 212 2091 studiis
228 2040 386 2092 certarnen
402 2039 460 2105 est,
471 2027 548 2092 dum
563 2028 596 2091 in
610 2050 765 2094 consensu
777 2026 945 2092 difficultas
960 2037 1019 2103 est,
1034 2027 1110 2091 dum
1125 2026 1206 2092 alter

65 2156 84 2184 “
99 2148 190 2212 alteri
207 2148 387 2213 Anathema
401 2171 468 2214 esse
483 2149 589 2234 coepit,
605 2171 702 2234 prope
720 2149 787 2233 jam
802 2170 895 2213 nemo
911 2146 1031 2213 Christi
1047 2158 1105 2212 est.
1149 2147 1206 2212 In-

65 2276 84 2305 “
100 2269 194 2333 certis
209 2268 293 2333 enim
309 2267 523 2333 doctrinarum
539 2267 655 2333 verbis⁴
671 2290 841 2353 vagamur:
858 2276 892 2331 et
903 2277 959 2331 aut
969 2267 1045 2330 dum
1057 2266 1205 2332 docemus

65 2397 84 2425 “
100 2390 331 2474 perturbamur,
347 2400 404 2454 aut
418 2390 494 2453 dnm
512 2389 660 2454 docemur
681 2410 831 2454 erramus.
877 2386 1022 2452 Proximi
1036 2387 1111 2451 anni
1127 2388 1205 2454 fides

64 2518 84 2547 “
99 2510 176 2594 quid
202 2509 431 2574 immutationis
449 2509 483 2574 in
506 2533 538 2574 se
560 2509 693 2574 habet⁵l
739 2508 893 2585 Primum,
920 2530 993 2592 quae
1018 2508 1205 2574 Homousicn

64 2638 84 2666 ‘⁶
99 2628 240 2693 decernit
261 2628 368 2704 taceri,
392 2651 528 2712 sequens
550 2626 672 2692 rursus⁶
693 2627 881 2692 Homoacion
906 2627 1048 2693 decernit
1070 2639 1104 2694 et
1124 2650 1206 2714 prze-

64 2760 84 2788 “
100 2751 202 2825 dicat3
227 2749 367 2825 tertium,
384 2772 456 2834 quae
478 2748 597 2813 Πθὶαηι7
620 2747 807 2834 simpliciter
827 2771 846 2811 a
868 2748 1010 2835 patribus
1031 2771 1205 2835 praesump

65 2878 84 2906 “
100 2880 164 2932 tam
180 2891 236 2952 per
250 2867 481 2954 indulgentiam
496 2877 635 2945 excusat,
652 2867 815 2952 quartum⁸
826 2891 890 2934 non
905 2879 1046 2945 excusat,
1062 2868 1117 2934 sod
1131 2891 1207 2934 con·

65 2996 85 3024 “
100 2988 236 3051 demnat
283 2986 428 3051 Tandem
454 3009 491 3051 eo
517 3009 697 3071 processum
722 2985 794 3063 est⁹‚
824 2996 864 3051 ut
891 3009 996 3072 neque
1017 3010 1114 3073 penes
1139 3011 1206 3067 nos,

66 3117 86 3146 “
101 3130 205 3191 neque
219 3130 316 3193 penes
331 3129 513 3191 quenquam
529 3116 602 3170 ante
623 3129 691 3183 nos,
713 3117 859 3172 sanctum
880 3107 994 3172 exinde
1015 3107 1208 3193 aliquidaut

65 3228 281 3294 “inviolabile
303 3237 503 3314 perseveret:
527 3248 648 3290 annuas
670 3236 768 3310 atque
789 3235 967 3292 menstruas
981 3225 1021 3292 dc
1042 3227 1114 3293 Deo
1128 3228 1207 3295 fides

64 3353 83 3382 “
99 3344 305 3421 decernimus,
328 3342 464 3409 decretis
485 3341 686 3428 poenitemus,
708 3339 899 3425 poenitentes
920 3339 1129 3419 defendimus,
1152 3342 1208 3408 de-

64 3474 84 3502 “
99 3466 204 3530 fensos
224 3463 536 3539 anathematizamus,
559 3471 616 3526 aut
636 3461 671 3525 in
693 3459 809 3526 nostris
830 3459 942 3537 aliena,
964 3462 1075 3528 autin
1097 3463 1208 3529 alienis

100 3768 108 3800 ¹
128 3771 332 3839 [Constantium
341 3768 440 3821 scilicet
449 3767 615 3818 Constantini
651 3766 724 3828 meri,
735 3782 787 3818 uon
802 3764 921 3834 Hilarii]

66 3865 159 3933 Magni
175 3866 266 3917 filium.
301 3864 368 3916 Vide
388 3862 448 3914 Divi
464 3862 561 3914 Hilarii
574 3861 617 3913 Ad
687 3862 697 3892 ⁴
715 3862 743 3931 [“
752 3861 854 3915 Incerto
867 3863 936 3916 enim
944 3862 1119 3916 doctrinarum
1130 3871 1206 3917 rento

67 3961 241 4011 Constantium
272 3960 417 4028 Aupustum
447 3957 514 4009 liber
543 3975 616 4026 quem
652 3956 817 4026 vagomur.‘']

67 4055 214 4105 Constantio
222 4056 275 4124 ipse
282 4055 400 4105 tradidit.
417 4053 513 4105 Hilarii
524 4053 618 4123 Opera,
687 4055 697 4084 ⁸
711 4052 806 4122 [⁸‘Jam
815 4069 873 4106 vero
882 4055 992 4124 proximi
999 4056 1062 4108 anni
1071 4055 1135 4109 fides
1144 4055 1207 4126 quid

65 4150 108 4202 sol.
126 4153 200 4213 1570,
209 4167 233 4218 p.
243 4153 273 4201 21
283 4146 316 4215 l.]
651 4148 683 4202 de
695 4149 876 4202 immutatione
887 4152 914 4202 in
926 4167 954 4202 se
966 4148 1089 4216 habet?'’]

98 4246 109 4277 ²
127 4247 154 4315 [“
165 4245 269 4296 Conscii
292 4262 384 4297 sumus
408 4255 465 4314 post
483 4243 617 4298 Nicanam
688 4245 699 4276 ⁸
717 4247 745 4316 [⁴⁴
756 4245 867 4309 Rursus,
878 4245 969 4315 qaoe''.]

65 4340 199 4409 Synodum
230 4339 294 4392 nihil
324 4340 397 4393 aliud
427 4358 505 4410 quarn
543 4341 620 4394 tidem
691 4340 803 4411 ’[Uric‚
812 4341 839 4393 id
848 4354 884 4394 est
898 4345 969 4395 οὐσία
981 4342 1034 4394 sire
1045 4340 1208 4409 substantia]

65 4433 176 4499 scribi.’']
689 4437 699 4466 ⁸
718 4437 745 4506 [“
755 4435 885 4497 Quartum
898 4435 989 4505 Μ’]

100 4530 109 4558 ³
130 4529 209 4598 [llaec
219 4529 292 4581 uncis
302 4529 402 4582 inclusa
413 4531 485 4582 rerba
496 4540 558 4584 sunt
567 4531 618 4600 ay·
687 4531 738 4599 Ὗ*
751 4530 784 4583 Et
795 4547 845 4601 quc
858 4530 962 4584 tandem
976 4548 1123 4601 processum
1133 4530 1208 4600 est’‘.]
