2692 4792
157 266 206 330 96
623 281 847 332 uansarro.

158 457 247 530 dum
264 467 304 532 et
328 457 566 531 dividendum
593 458 717 532 dicere
743 458 873 531 decem
896 457 1057 531 unitates
1081 481 1151 554 per
1178 457 1289 533 decen

157 577 333 666 unitateS,
351 588 390 650 et
409 576 625 673 simpliciter
642 575 770 650 decem
786 599 854 673 per
872 575 1012 649 decem.
1063 576 1188 649 Etiam
1206 576 1291 650 iden

157 716 237 766 esse
255 692 383 766 decem
401 692 514 789 pedes
532 692 776 788 multiplicare
794 716 860 788 per
877 692 1006 765 decem
1022 690 1151 788 pedes,
1165 705 1205 766 et
1220 694 1291 767 sim·

156 809 303 906 pliciter
318 833 385 906 per
402 809 551 883 decem:
577 809 664 907 quia
689 809 946 905 multiplicatio
971 832 1047 882 non
1075 819 1199 882 mutat
1226 834 1292 907 spe

157 927 265 1000 ciem.
317 928 510 1016 Praeterea,
535 920 770 1023 multiplicari
792 927 990 1024 quicquam
1007 949 1118 1023 posse
1145 927 1218 1000 nisi
1238 950 1294 1024 per

157 1064 362 1131 numerum,
381 1042 580 1115 absurdum
599 1041 702 1116 dictu
719 1054 787 1116 est.

207 1180 284 1231 v11.
311 1158 471 1233 Quando
516 1181 692 1232 numerus
737 1157 956 1255 multiplicat
996 1182 1196 1233 numerum
1236 1160 1293 1233 sibi

155 1274 346 1372 aequalem,
364 1274 613 1371 multiplicans
636 1274 764 1363 radia,
782 1297 957 1347 numerus
982 1273 1193 1370 productus
1216 1300 1294 1373 qua

155 1392 291 1467 drutus
318 1393 465 1466 dicitur.
518 1394 572 1467 Ut
588 1393 713 1489 quia3
741 1392 990 1489 multiplicans
1019 1401 1041 1466 3
1065 1393 1244 1490 producit
1265 1403 1293 1483 9,

155 1534 330 1585 numerus
344 1520 367 1585 3
381 1511 517 1585 dicitur
529 1510 646 1599 radix,
657 1522 696 1584 et
708 1533 884 1583 numerus
897 1518 920 1582 9
939 1509 1075 1583 dicitur
1087 1511 1293 1606 quadratus.

155 1626 327 1723 Figuram
352 1641 476 1701 autem
501 1626 718 1724 quadratam
746 1650 822 1700 nou
852 1627 1029 1700 efficiunt.
1082 1625 1293 1726 Quanquam

154 1744 254 1818 enim
271 1745 325 1818 ita
342 1745 514 1820 collocari
531 1758 686 1841 possunt
710 1743 841 1816 calculi
858 1751 883 1818 9
901 1743 960 1817 vel
983 1752 1026 1817 16
1045 1756 1134 1835 etc.,
1151 1758 1196 1820 ut
1213 1748 1293 1819 ima·

153 1862 279 1959 ginem
297 1862 481 1959 quandam
496 1860 670 1936 inanimo
684 1860 848 1934 excitent
862 1862 992 1957 figurae
1006 1861 1215 1957 quadratae,
1227 1886 1293 1937 nou

154 1992 241 2053 sunt
258 1993 382 2054 tamen
399 1981 519 2076 figura
538 1978 718 2077 quadrata
740 1979 859 2074 magis
886 2002 996 2074 quam
1013 1986 1037 2053 9
1056 1980 1117 2053 vel
1141 1990 1185 2054 16
1213 1993 1293 2056 tem·

152 2119 256 2191 pora.
309 2096 389 2170 Nec
404 2097 523 2169 minus
541 2118 715 2168 numerus
732 2094 932 2191 quadratus
949 2107 1005 2169 est
1023 2107 1178 2170 centum
1196 2097 1294 2172 solidi

153 2213 192 2285 in
218 2214 364 2288 sacculo
384 2214 587 2303 constricti,
619 2237 729 2308 quam
755 2236 865 2309 super
888 2213 1054 2288 tabulam
1079 2214 1293 2312 quadratam

153 2334 487 2427 quomodocunque
504 2331 676 2406 ordinati.

204 2472 300 2523 v111.
326 2450 461 2546 Figura
479 2448 660 2544 quadrata
681 2449 724 2521 fit
748 2447 863 2521 ductu
885 2447 994 2522 lineae
1021 2460 1138 2523 rectae
1163 2450 1204 2524 in
1232 2450 1293 2525 sibi

152 2566 332 2662 aequalem
358 2579 397 2639 et
425 2565 473 2639 ad
496 2566 650 2662 angulos
673 2577 794 2639 rectos
814 2564 1059 2661 adjacentem.
1113 2566 1293 2641 Describit

151 2707 241 2780 ergo
259 2683 392 2757 ductus
417 2683 479 2757 ille
496 2684 739 2780 superficiem,
756 2682 796 2755 id
813 2694 882 2772 est,
901 2683 1121 2777 quantitatis
1139 2687 1291 2782 speciem

151 2825 308 2875 novam:
335 2813 374 2873 et
391 2800 454 2874 illa
472 2801 682 2897 superficies
700 2800 812 2873 ducta
828 2799 867 2873 in
884 2800 996 2873 aliam
1019 2813 1161 2874 rectam
1180 2827 1291 2901 aequa·

150 2918 223 2991 lem
239 2918 423 3015 prioribus
441 2929 479 2990 et
497 2929 671 3006 erectam,
690 2917 866 2990 describit
883 2916 1054 3007 solidum,
1072 2918 1113 2991 id
1131 2930 1205 3011 est,
1222 2944 1292 3018 spe·

150 3037 244 3110 ciem
262 3035 478 3132 quantitatis
496 3036 645 3109 tertiam
663 3048 702 3108 et
717 3035 899 3108 ultimam.

201 3153 299 3225 Nam
330 3153 428 3225 ultra
459 3152 617 3226 solidum
652 3152 898 3247 quantitatem
932 3152 1071 3226 nnllam
1102 3155 1292 3251 cognoscit

151 3269 368 3367 geometria.
420 3268 763 3363 Arithmeticorum·
781 3270 880 3342 euim
910 3269 1183 3362 arodi-solida,
1207 3296 1292 3371 qaa-

150 3385 479 3483 dratoquadrata,
498 3385 799 3482 quadrato-cubi,
817 3385 1011 3473 cubi-cabi,
1035 3389 1129 3461 meri
1151 3391 1292 3464 numeri

150 3517 248 3592 sunt,
266 3506 395 3601 figurae
413 3529 488 3579 non
502 3517 600 3578 sunt.
653 3504 795 3600 Magna
811 3504 925 3600 igitur
943 3505 1154 3581 differentia
1170 3521 1228 3583 est
1243 3510 1292 3582 iu·

148 3634 207 3696 ter
226 3621 265 3695 id
283 3622 383 3716 quod
399 3623 442 3695 fit
458 3646 481 3694 a
498 3622 653 3695 duarum
672 3634 857 3695 rectarum
874 3622 913 3694 in
932 3646 971 3695 se
994 3623 1185 3714 ductione,
1203 3638 1242 3700 et
1257 3625 1293 3700 id

149 3740 249 3837 quod
261 3741 303 3813 fit
321 3764 343 3814 a
360 3740 516 3814 duorum
534 3763 769 3813 numerorem
787 3740 824 3812 in
843 3764 882 3813 se
896 3740 1223 3838 multiplicatione:
1240 3742 1292 3817 ni-

147 3858 295 3945 mirum,
314 3868 452 3954 quanta
469 3870 526 3930 est
543 3857 639 3929 iuter
655 3856 790 3930 lineam
809 3871 847 3930 et
865 3858 1109 3954 superficiem,
1125 3861 1187 3935 vel
1199 3862 1293 3936 iuter

148 3975 379 4073 superficiem
402 3986 440 4048 et
465 3974 633 4048 solidum.
686 3974 779 4048 Haec
803 3988 928 4049 autem
951 3977 1073 4072 specie
1104 3977 1291 4069 differunt,

147 4092 241 4167 adeo
259 4106 300 4168 ut
317 4093 473 4168 alterum
497 4116 625 4166 eorum
646 4091 749 4165 nulla
775 4092 1079 4189 multiplicatione
1102 4095 1150 4169 ab
1178 4097 1292 4171 altero

148 4211 312 4308 superari
334 4211 467 4308 possit:
495 4222 532 4284 et
557 4209 724 4307 proinde,
752 4220 794 4285 ut
822 4210 913 4286 dicit
944 4210 1127 4305 Euclides,
1156 4215 1292 4289 nullam
