2656 5136
322 666 376 718 on
404 664 683 718 urnanrnraus
713 663 845 716 nacor.
1026 647 1097 713 339

63 831 250 907 Reddimus,
266 839 299 894 et
313 851 397 894 nona
410 827 449 894 de
464 850 573 893 somno
588 826 745 914 surgimus
760 826 845 892 hora.

65 931 172 996 Unica
185 931 324 994 restabat
338 950 444 993 rerum
459 926 643 1012 dignissima
657 926 737 1002 visu,

65 1028 164 1092 Haud
178 1027 288 1112 procul
302 1025 376 1091 hinc
391 1025 540 1111 spelunca
554 1023 662 1101 Pom,
677 1024 722 1089 sic
736 1023 821 1088 dicta
834 1044 977 1090 caverna.

65 1128 205 1214 Insignis
219 1127 300 1191 latro
315 1125 437 1201 Pouus,
455 1135 498 1201 et,
515 1125 542 1188 si
556 1124 682 1189 credere
696 1123 790 1187 samae

65 1227 237 1303 Debemus,
254 1225 318 1290 furi
335 1248 391 1310 par
406 1223 502 1301 Caco,
517 1235 551 1288 et
564 1224 647 1290 forte
662 1245 795 1289 ooaevus.

66 1325 139 1389 Hac
151 1348 224 1389 usus
240 1324 361 1389 latebra
374 1322 540 1388 consuevit
554 1323 659 1388 vivere
674 1331 781 1407 rapto:

66 1424 180 1507 Atque
196 1423 330 1488 viatores
346 1422 524 1507 spoliandos
535 1420 649 1486 ducere
663 1421 698 1485 in
714 1430 851 1486 autrum.

66 1522 190 1586 Verum
206 1533 239 1587 et
254 1521 283 1586 ei
299 1522 429 1587 solenne
444 1520 508 1585 fuit
521 1520 713 1606 conjungere
728 1518 822 1584 furtis

67 1620 213 1697 Caedem3
237 1621 282 1685 sic
296 1621 380 1685 texit
394 1620 511 1685 scelera
525 1618 754 1703 authoremque
768 1640 909 1685 caverna

21 1726 40 1783 0
67 1720 161 1785 Hauc
176 1719 349 1805 inspecturi
364 1719 501 1804 penitus,
516 1718 647 1785 duetore
667 1718 769 1804 perito

67 1819 232 1884 Caccarum
247 1829 408 1903 assumpto
423 1818 487 1882 ima
501 1819 560 1883 sub
575 1818 688 1884 tellure
703 1817 835 1894 viarum,

66 1918 202 1981 Eximus
217 1917 348 2002 pedites,
364 1917 476 1982 collem
493 1917 695 2002 petimusque
709 1916 874 1993 virentem,

66 2016 247 2080 Distautem
263 2026 371 2080 nostra
385 2016 441 2080 vix
455 2039 565 2102 passus
578 2017 665 2081 mille
679 2018 819 2082 taberna.

67 2114 157 2198 Ipsae
172 2113 210 2177 ad
226 2114 342 2178 montis
357 2113 477 2179 radices
491 2136 628 2180 concava
643 2114 737 2179 tellus

67 2212 240 2277 Prostratis
255 2212 376 2277 aditum
391 2223 520 2298 pertusa
534 2213 686 2278 foramine
700 2214 822 2298 praebet

67 2312 205 2398 Exiguo,
221 2312 325 2378 miuus
338 2323 373 2377 at
387 2312 555 2398 praemissis
570 2312 656 2378 invia
669 2312 811 2398 plantis².

68 2411 187 2477 Omnes
202 2410 348 2475 canonino
362 2433 483 2495 gressu,
498 2420 689 2497 sumptaque
704 2412 833 2476 lucerna

68 2510 213 2593 Quisque
229 2533 294 2586 sua,
311 2509 438 2575 tandem
453 2509 708 2587 transmittimur,
724 2509 948 2596 erigimurque.

67 2610 221 2684 Antrum,
237 2607 439 2685 horrendum,
455 2608 600 2684 informe,
616 2608 729 2694 ingens
743 2607 894 2694 aperitur.
938 2606 984 2671 Et
998 2616 1067 2671 atra

21 2718 40 2775 O
67 2708 179 2771 Divisa
193 2707 225 2768 in
242 2715 346 2791 partes
368 2728 432 2769 nox
447 2706 562 2771 dissilit
576 2707 674 2772 atrim
687 2709 802 2773 ambas.

66 2807 257 2890 Asperaque
273 2814 404 2889 apparet
418 2804 559 2881 latronis,
575 2816 609 2870 et
622 2804 749 2872 horrida
763 2805 847 2871 saxis

65 2904 176 2989 Regia
223 2903 413 2967 Percussum
428 2904 525 2968 rutilo
539 2904 636 2969 micat
649 2905 723 2990 igne
737 2904 876 2971 lacunar.

66 3002 305 3087 Progredimur,
321 3000 519 3086 pedibusque
533 3002 660 3067 admoto
673 3002 793 3068 lumine
807 3003 918 3079 cautis,

69 3100 153 3167 Saxa
168 3100 320 3186 ingentia,
336 3099 467 3177 roscida,
483 3100 613 3178 lubrica,
629 3111 663 3167 et
676 3101 776 3166 ardua
789 3125 912 3178 scansu‚

67 3201 196 3276 Libera,
212 3199 392 3265 corruitura
406 3200 512 3277 semel,
527 3223 613 3266 nunc
627 3224 703 3287 ergo
717 3200 867 3279 timenda,

69 3301 259 3384 Saxosaeque
274 3300 358 3364 feros
372 3309 496 3364 montes
510 3300 670 3384 vallesque
685 3323 827 3366 cavemae

67 3400 271 3475 Transimus3
295 3399 494 3482 fluviumque
509 3422 581 3464 suas
596 3399 653 3483 qui
667 3398 798 3485 dissipat
812 3399 913 3465 undas

67 3499 179 3565 Caecus
195 3499 227 3562 in
243 3500 382 3583 objectas
397 3497 577 3584 impingens
591 3520 752 3564 murmure
767 3521 869 3584 rupea

68 3598 133 3679 Qui
149 3597 270 3663 scandit
288 3619 383 3662 rauco
398 3608 580 3683 surgentem
595 3622 615 3663 a
628 3597 758 3662 flumine
773 3609 923 3675 montem,

21 3714 41 3768 0
68 3697 127 3761 Ille
143 3698 217 3761 licet
232 3697 389 3781 audetque
404 3697 562 3783 pedesque
578 3719 754 3780 manusque
768 3696 892 3784 fatiget,

68 3796 189 3859 Dissita
203 3798 243 3860 ab
258 3796 392 3861 introitu
407 3796 516 3862 stadiis
531 3796 644 3874 tribus,
658 3796 773 3863 ultima
786 3797 875 3884 opaci

68 3893 237 3980 Pertinget
250 3895 367 3978 (multo
381 3896 471 3961 nobis
486 3895 651 3982 audacior)
665 3895 758 3960 antri.

72 3993 261 4078 Speluncam
276 3994 357 4058 hanc
372 3995 480 4059 credas
494 3995 669 4060 habitatam
685 3993 835 4082 Gorgone
850 3995 988 4082 primum

71 4093 286 4177 Anguicoma,
303 4102 336 4157 et
350 4116 440 4158 versa
454 4094 488 4159 in
502 4094 640 4181 rigidum
656 4094 700 4160 sic
715 4094 820 4159 omnia
834 4117 956 4160 saxum.

68 4191 155 4254 Nam
170 4191 248 4274 lapis
263 4202 312 4255 est
327 4192 539 4277 quodcunque
554 4193 650 4258 vides.
697 4192 916 4278 Laquearibus
931 4193 1004 4258 altis

71 4291 151 4371 Qua
167 4290 240 4354 sicci
257 4290 315 4353 tibi
330 4300 421 4376 terga
434 4291 499 4355 suis
514 4292 649 4376 pendere
665 4292 822 4369 videntur,

72 4390 231 4454 Dentibus
246 4389 330 4453 haud
345 4390 466 4454 cedent.
513 4390 638 4454 Durum
654 4401 729 4456 sunt
744 4402 878 4475 utraque
894 4414 1015 4454 saxum.

242 4587 248 4617 ¹
261 4586 343 4640 Pool's
358 4587 435 4653 Holc,
448 4589 542 4641 Mirab.
552 4606 600 4641 vn.
791 4590 801 4621 ²
812 4589 933 4643 Pedibus.

956 4704 977 4750 Z
994 4701 1008 4744 2
