2692 4792
250 253 316 329 176
469 268 684 320 unrucrrrn
705 268 754 317 ιιι
775 268 1053 320 nnosnnnarn

666 580 771 656 CAP.
801 582 866 656 Vl.

344 731 408 807 Dc
423 732 568 807 ratione
583 733 788 833 perimetri
805 733 860 807 nd
873 731 1022 807 radium
1040 731 1183 807 circuli.

73 914 143 957 cir.
158 912 200 956 vr.
245 905 274 957 ι.
301 882 443 956 Ancus
461 882 710 978 quadrantalis
726 883 876 980 aequalis
893 895 951 957 est
976 881 1085 957 radio
1107 906 1182 957 nna
1201 904 1267 956 cun

49 984 233 1100 um„
246 1007 424 1092 tangente
441 1005 490 1070 30
507 995 702 1092 graduum.

49 1171 116 1218 ucula

49 1107 135 1184 ,Μ
146 1107 232 1152 “⁶¹¹¹'‘
296 1109 353 1182 Sit
378 1108 503 1183 radius
527 1111 603 1205 (fig.
616 1109 658 1201 ii)
685 1109 764 1199 AB,
798 1107 1015 1183 semiradius
1041 1108 1106 1182 ΒΒ
1130 1108 1189 1182 vel
1211 1107 1269 1181 Al.

245 1222 368 1296 Ducta
391 1245 479 1319 ergo
496 1223 569 1312 EF,
588 1223 658 1296 erit
680 1220 935 1317 rectangulum
951 1220 1082 1294 ABBF
1099 1218 1270 1295 dimidium

245 1335 416 1432 quadrati
434 1360 456 1409 a
473 1335 577 1409 radio
597 1335 675 1408 AB.
725 1336 963 1409 Describatur
979 1333 1086 1408 radio
1100 1334 1168 1408 AB
1184 1354 1272 1407 arcus

245 1448 323 1537 BG,
341 1472 469 1523 secans
486 1450 547 1522 EF
564 1448 603 1522 in
621 1449 665 1523 G.
716 1449 840 1522 Ducta
862 1472 951 1545 ergo
969 1449 1036 1523 AG
1054 1459 1093 1521 et
1110 1447 1272 1546 producta

245 1561 294 1635 ad
317 1561 380 1635 ΒΒ
403 1561 619 1658 productam
647 1561 685 1635 in
711 1562 761 1650 H,
779 1562 849 1635 erit
872 1561 943 1636 BH
964 1573 1126 1657 tangens
1144 1570 1192 1636 30
1208 1584 1274 1657 gra·

247 1674 373 1762 duum,
397 1686 435 1748 et
463 1673 528 1747 BG
557 1673 670 1747 tertia
700 1698 785 1770 pars
815 1697 923 1748 arcus
950 1674 1204 1772 quadrantalis
1229 1673 1276 1747 de-

247 1787 375 1884 scripti
399 1788 446 1861 ab
464 1786 542 1860 AB.
595 1786 737 1860 Deinde
763 1812 786 1860 a
809 1798 948 1883 puncto
973 1787 1006 1860 G
1031 1786 1081 1860 ad
1107 1786 1204 1861 latus
1224 1786 1275 1860 AB

246 1900 403 1974 ducatur
428 1898 739 1996 perpendicularis
764 1899 827 1973 Gl.
879 1899 922 1973 In
940 1898 1125 1996 producta
1151 1900 1217 1974 BA
1232 1923 1277 1973 su·

245 2024 369 2087 matur
386 2012 457 2086 AN
476 2012 587 2108 dupla
599 2011 664 2100 Al,
678 2024 720 2086 ut
737 2012 792 2086 IN
811 2012 860 2085 sit
877 2011 989 2108 tripla
1006 2012 1071 2085 IA.
1125 2013 1279 2087 Ducatur

245 2125 404 2221 denique
422 2124 503 2214 NG,
517 2148 644 2199 secans
662 2125 725 2197 AF
741 2125 784 2205 in
797 2124 841 2215 T,
855 2136 893 2198 et
908 2123 1140 2221 producatur
1156 2127 1205 2201 ad
1221 2126 1277 2201 BH

246 2262 287 2312 ιιι
303 2263 340 2335 q.

294 2350 388 2424 Dico
407 2350 464 2449 Bq
481 2362 620 2424 rectam
638 2351 820 2448 aequalem
840 2375 922 2424 esse
938 2352 1043 2425 arcui
1062 2352 1142 2428 BG.

296 2463 415 2560 Super
444 2464 510 2538 AT
540 2464 769 2538 describatur
798 2487 906 2539 arcus
935 2464 1192 2561 quadrantalis
1222 2468 1280 2542 ΒΤ,

247 2576 433 2660 Quoniam
459 2601 547 2674 ergo
577 2578 763 2674 triangula
789 2578 889 2667 NIG,
909 2577 1013 2652 NAT
1035 2591 1123 2653 sunt
1149 2582 1281 2670 similia,

246 2688 317 2762 erit
329 2689 394 2763 AT
407 2690 490 2764 duae
504 2690 625 2765 tertiae
643 2701 755 2764 rectae
769 2690 819 2764 GI
833 2689 1030 2782 semiradii,
1044 2690 1085 2764 id
1102 2704 1172 2784 est,
1185 2697 1282 2770 tertia

246 2827 332 2901 pars
350 2805 463 2878 totins
481 2803 585 2878 radii.

299 2917 483 2992 Quoniam
496 2940 585 3013 ergo
596 2916 661 2990 AT
674 2928 730 2990 est
745 2916 859 2989 tertia
874 2939 960 3013 pars
974 2917 1081 3008 radii,
1096 2920 1171 2994 erit
1187 2942 1284 2996 arcus

249 3028 307 3103 ST
331 3030 481 3122 aequalis
507 3028 610 3103 arcui
636 3028 711 3102 BG.
765 3028 917 3102 Secetur
939 3028 1005 3103 BG
1020 3029 1195 3107 bifariam
1211 3035 1249 3108 in
1263 3032 1284 3121 i,

247 3153 286 3216 et
296 3141 361 3216 AT
377 3143 547 3217 bifariam
565 3143 603 3215 in
614 3142 668 3231 M,
680 3141 908 3237 duceturque
927 3140 964 3214 ib
979 3145 1288 3239 perpendicularis

247 3254 295 3328 ad
313 3256 396 3328 AB:
423 3257 564 3354 eritque
581 3254 657 3328 AM
679 3266 783 3329 sexta
808 3278 892 3351 pars
918 3254 1011 3328 radii
1029 3255 1109 3346 AB,
1129 3271 1168 3332 et
1189 3282 1288 3335 arcus

247 3367 324 3440 YM
335 3368 485 3464 aequalis
499 3368 601 3442 arcui
618 3367 676 3458 Bi,
690 3380 728 3442 et
744 3380 788 3440 ut
808 3366 867 3442 Nb
884 3367 932 3440 ad
950 3368 1021 3443 NA
1032 3369 1085 3443 ita
1102 3371 1177 3445 erit
1196 3373 1236 3446 bi
1246 3372 1288 3447 ad

248 3480 338 3554 AM.
381 3481 504 3554 Ducta
515 3504 605 3576 ergo
621 3481 713 3568 NM,
731 3492 769 3554 et
785 3480 978 3577 producta,
991 3483 1169 3558 transibit
1182 3510 1250 3583 per
1260 3485 1288 3559 i:

248 3592 474 3690 producatur
490 3606 614 3668 autem
628 3593 675 3667 ad
689 3594 759 3666 BH
777 3594 817 3666 in
835 3594 882 3669 Q.
921 3594 1153 3671 Producatur
1169 3611 1291 3674 autem

251 3705 290 3779 hi
305 3704 354 3779 ad
370 3730 589 3780 concursum
606 3730 691 3779 cum
707 3706 768 3803 Nq
786 3707 823 3779 in
842 3715 879 3780 t:
899 3707 1041 3803 eritque
1054 3707 1094 3781 bt
1115 3709 1231 3808 dupla
1246 3710 1291 3799 bi,

250 3829 289 3892 et
305 3818 456 3914 aequalis
479 3819 627 3892 chordae
645 3842 751 3893 arcus
766 3819 846 3892 BG.
897 3820 963 3894 Est
980 3821 1079 3894 enirn
1096 3823 1201 3898 sinus
1219 3849 1294 3898 rec·

247 3947 309 4011 tus
327 3934 469 4010 dimidii
494 3959 601 4009 arcus
624 3936 820 4033 cujuslibet
845 3936 1005 4010 semissis
1021 3936 1172 4013 chordae
1191 3940 1295 4038 dupli

250 4072 368 4124 arcus.
422 4049 574 4137 Rursus,
590 4048 775 4124 bisecetur
797 4072 904 4122 arcus
922 4049 969 4124 Bi
986 4049 1024 4123 in
1050 4075 1084 4140 e,
1102 4062 1143 4126 et
1158 4053 1238 4128 AM
1255 4056 1294 4130 in

249 4161 293 4253 L,
312 4164 540 4258 duceturque
556 4187 604 4237 ca
626 4163 676 4237 ad
692 4163 758 4236 AB
784 4162 1096 4260 perpendicularis
1110 4193 1133 4239 s>
1148 4167 1295 4265 eritque
