2656 5136
124 650 197 719 356
546 664 747 719 meroem

124 830 226 918 Copia
240 831 409 918 scripturae
422 830 482 898 fit:
505 830 698 919 respondere
706 832 842 916 jubetur

168 929 234 1013 Qui
249 940 349 1007 tenet,
365 939 400 996 et
413 952 540 996 caumm
553 930 830 997 verificareeuam.
1118 936 1173 999 250

124 1029 211 1095 Tum
226 1029 344 1115 scripto
358 1051 469 1095 rureue
481 1028 601 1116 petitor
612 1028 793 1115 respondet,
807 1038 843 1095 et
855 1028 916 1095 ille

168 1128 235 1212 Qui
252 1137 343 1194 tenet
358 1128 434 1194 huic
448 1128 576 1196 iterum.
619 1127 769 1214 Denique
782 1138 835 1195 ter
847 1129 888 1194 fit
903 1128 1007 1197 idem.

125 1230 176 1294 Sc.
199 1227 258 1293 Nil
273 1227 365 1293 video
379 1226 432 1293 hic
445 1227 564 1313 magni,
578 1249 639 1293 nec
652 1250 768 1315 magna
779 1226 876 1293 laude
890 1226 1083 1297 serendum.

169 1326 209 1392 In
224 1349 289 1411 qua
302 1336 392 1412 parte
406 1327 492 1393 orbie
506 1348 572 1392 non
585 1326 744 1414 reperitur
756 1326 868 1392 idem?

124 1428 185 1491 Pr.
210 1425 274 1491 Sed
288 1447 393 1509 neque
406 1424 505 1491 miror
515 1446 584 1512 ego.
628 1424 748 1491 Fertur
761 1424 936 1493 sententia.
982 1426 1100 1496 Nemo

170 1523 375 1609 Obloquitur.
420 1523 546 1591 Proeeee
555 1523 690 1611 judicat,
705 1534 740 1590 at
753 1524 881 1591 tacitus.

125 1622 277 1708 Namque
287 1633 325 1689 ut
333 1644 517 1690 conoeeeum
525 1623 743 1711 eetecriptum
751 1622 984 1693 effertPraeeea
992 1638 1178 1715 utrumque

169 1724 313 1790 Collocat
326 1723 360 1787 in
374 1745 526 1800 mensam,
540 1732 667 1809 separat
680 1732 779 1807 atque
791 1744 901 1787 manu.

127 1820 319 1888 Detractum
334 1821 449 1888 collare
463 1844 588 1888 sacrum
602 1821 721 1909 ecripte
733 1821 884 1889 admovet
896 1822 979 1889 uni:

168 1921 215 1988 Et
228 1932 334 1987 certus
348 1920 414 1986 litie
428 1920 583 1987 terminus
596 1920 651 1987 ille
664 1919 739 1987 suit.
1123 1929 1182 1990 260

127 2022 153 2089 J
154 2023 297 2088 ustitiam
311 2022 441 2087 tacitam
455 2021 523 2088 eine
537 2030 727 2109 tempestate
740 2019 859 2087 sorensi

168 2120 286 2189 Miror:
311 2143 408 2205 quam
422 2142 587 2206 nunquam
600 2121 650 2187 vis
662 2120 766 2187 aliena
777 2131 897 2187 movet.

126 2222 178 2287 Sc.
201 2221 275 2286 Hoc
287 2230 387 2287 recte:
411 2219 466 2285 ced
480 2230 589 2286 utrum
602 2219 754 2307 legissent
767 2218 887 2305 scripta
898 2219 1104 2309 priusquam

172 2318 298 2387 Collcre
312 2319 491 2405 appositum
505 2328 565 2397 eet,
579 2340 709 2385 noscere
721 2316 849 2385 difficile
862 2328 924 2384 eet.

127 2417 264 2484 Parcere
278 2418 364 2483 enim
378 2427 469 2483 tanto
483 2439 541 2483 cur
554 2440 619 2483 non
632 2429 765 2504 potuere
778 2416 890 2495 labori,

172 2516 256 2584 Cum
270 2516 316 2580 nil
331 2515 465 2582 referret
479 2537 552 2600 pars
566 2526 640 2581 utra
649 2518 739 2602 jueta
752 2516 835 2581 suit?

127 2615 190 2680 Pr.
213 2614 308 2679 Tune
322 2613 368 2678 ita
382 2612 570 2679 inhumanos
584 2615 718 2700 potuisti
732 2614 859 2680 credere
876 2614 982 2681 lectos

173 2711 333 2797 Spectata
347 2710 432 2788 fidei,
447 2711 687 2798 praecipuosque
702 2713 808 2778 ciros?

128 2812 176 2876 Se.
200 2810 235 2875 N
237 2833 278 2875 on
293 2832 353 2897 ego
367 2810 556 2876 inhumanos
571 2811 712 2877 homines
727 2812 808 2889 dico,
823 2810 877 2876 sed
892 2812 1044 2900 iniquos.

171 2910 223 2977 Ut
237 2909 315 2994 quid
330 2909 446 2993 cuique
461 2909 549 2987 libet,
565 2910 611 2976 eic
625 2932 755 2995 quoque
770 2912 908 2996 quisque
923 2913 1019 2981 facit.
1128 2926 1192 2985 270

130 3009 194 3076 Sed
209 3010 284 3094 quia
299 3032 363 3073 non
377 3008 515 3073 multum
529 3009 629 3075 refert
641 3011 769 3094 aequine
784 3034 825 3075 an
839 3010 945 3094 iniqui

172 3109 221 3174 Hi
236 3108 366 3185 fuerint,
383 3107 504 3173 fuerint
518 3118 556 3172 ut
570 3107 631 3174 eibi
645 3131 772 3194 cunque
787 3110 899 3195 placet

131 3206 195 3275 Sed
209 3208 271 3285 dic,
286 3206 472 3294 AEgyptum
487 3229 554 3273 moe
573 3207 625 3273 hic
640 3209 769 3275 venitne
784 3212 824 3275 ab
840 3209 1003 3289 Hebraeis,

173 3309 231 3375 An
246 3308 379 3373 contra?
424 3305 584 3388 Quoniam
599 3331 655 3394 par
669 3309 733 3374 fuit
746 3309 806 3386 his,
821 3320 855 3374 et
868 3308 923 3374 eis.

129 3410 189 3474 Pr.
214 3406 343 3473 Nescio.
366 3405 418 3471 At
431 3405 621 3472 alterutrum
636 3408 663 3472 ai
677 3408 761 3473 sorte
774 3430 901 3474 necesse
915 3420 1088 3494 putarem,

172 3505 314 3593 AEgypti
328 3505 427 3569 dirim
443 3528 511 3571 mos
525 3505 589 3571 fuit
603 3506 656 3572 ille
671 3507 767 3592 priue

130 3606 177 3674 Et
190 3605 332 3671 maribus
346 3603 452 3689 pueris
467 3605 623 3691 praeputia
638 3605 781 3672 scindere
795 3605 924 3682 circum,

174 3702 306 3768 Author
320 3700 355 3765 N
356 3702 476 3778 iliacus,
492 3725 555 3767 non
572 3703 779 3769 Abrahamus
792 3713 870 3770 erat

131 3801 180 3868 Se.
203 3800 371 3866 Verumne
386 3810 435 3864 est
449 3821 535 3886 ergo,
551 3801 638 3884 quod
651 3824 756 3868 rerum
773 3802 839 3867 ecla
852 3824 1012 3870 novarum

173 3899 241 3985 (Ut
255 3898 352 3985 vulgo
367 3898 494 3983 dicunt)
510 3900 625 3966 Africa
640 3912 741 3967 mater
755 3903 849 3967 erat?
1126 3917 1193 3977 280

132 4000 192 4066 Pr.
216 3997 343 4065 Deinde
357 3998 554 4064 sacerdotum
570 4023 721 4066 numerus
735 4023 808 4066 cum
823 4023 963 4067 crescere
979 4008 1101 4094 coepit,

174 4099 420 4180 Decimumque
434 4097 498 4162 suit
515 4100 610 4164 turba
624 4101 757 4166 molesta
771 4101 841 4178 eibi,

132 4198 207 4265 Ibat
222 4199 257 4263 in
273 4196 439 4282 Assyriam
456 4220 528 4284 pars
542 4221 657 4285 magna
671 4213 792 4266 vocata.
839 4200 965 4267 Sciendi

176 4298 303 4366 Sortem
317 4306 483 4361 venturam
499 4306 589 4362 tanta
602 4299 700 4364 libido
714 4300 786 4365 suit.

134 4396 196 4465 His
210 4393 330 4463 multae
343 4396 439 4461 urbes
453 4406 616 4482 terraeque
631 4398 744 4465 dedere
756 4399 903 4466 colendae

176 4493 310 4583 Assyrii.
356 4493 444 4561 Cura
456 4495 506 4561 his
520 4496 695 4583 relligionis
709 4510 787 4577 erat,
