2656 5136
174 636 242 715 172
394 654 610 709 nummum
630 656 681 708 nn
699 654 983 709 nnonnnsrern

16 841 64 882 ii».
79 843 121 885 1v.
168 828 271 914 ρετ4
288 818 379 893 fucit
396 828 453 908 16,
465 820 628 895 medium
640 820 818 918 primnmz
834 832 874 895 et
890 818 1014 895 diviso
1031 826 1079 895 le
1094 842 1159 919 per
1170 828 1201 913 2,

6 968 115 1014 mn..
168 933 212 1006 fit
229 940 265 1022 8,
283 933 347 1029 qui
367 934 631 1031 multiplicatus
652 959 720 1032 per
741 943 839 1025 m,
853 934 946 1010 feeit
969 943 1036 1025 32,
1051 932 1202 1009 medium

3 1097 16 1132 .·.
36 1039 140 1144 5„ss
169 1045 383 1120 secundum.
432 1047 614 1145 Denique,
628 1056 675 1123 32
694 1047 811 1122 diviso
826 1071 895 1145 ρετ
909 1057 948 1136 2,
966 1047 1142 1145 quotiens
1154 1058 1202 1123 ατ

173 1166 236 1241 16;
254 1158 317 1253 qui
334 1159 597 1256 multiplicatus
615 1183 682 1257 per
697 1170 781 1237 2÷2
799 1160 890 1235 fecit
906 1168 971 1235 64.
1024 1160 1200 1252 Similiter,

169 1271 200 1343 si
218 1271 303 1344 cubi
321 1273 395 1347 sint
408 1279 456 1357 27
474 1286 513 1348 et
535 1283 618 1361 125,
629 1274 748 1348 diviso
763 1279 813 1357 27
829 1298 897 1371 ρετ
913 1283 951 1365 3,
964 1275 1139 1371 quotiens
1152 1287 1202 1350 est

168 1391 208 1456 9:
227 1385 291 1480 qui
308 1386 571 1483 multiplicatus
587 1411 654 1485 per
671 1395 753 1461 ³42
770 1387 862 1462 fecit
878 1394 941 1479 45,
954 1387 1122 1463 medinm
1136 1389 1201 1487 pn·-

164 1521 281 1583 mum.
332 1499 485 1590 RursuS,
509 1499 627 1574 diviso
643 1508 692 1573 45
717 1523 784 1596 per
809 1508 846 1590 3,
863 1500 1041 1596 quotiens
1063 1512 1123 1577 est
1147 1509 1200 1577 lte

167 1610 230 1705 qui
248 1611 512 1709 multiplicatus
529 1637 597 1710 ρετ
613 1622 696 1688 332
714 1625 772 1687 est
796 1618 863 1696 75:
884 1624 924 1687 et
941 1616 992 1696 75
1010 1612 1132 1689 diviso
1144 1634 1202 1711 per

162 1733 204 1811 3,
222 1724 392 1819 quotiens
418 1738 476 1800 est
501 1734 568 1800 25:
598 1736 637 1799 et
658 1725 721 1800 hie
745 1724 1016 1822 multiplicatus
1037 1750 1108 1825 ρετ
1127 1736 1201 1803 342

167 1836 257 1910 facit
279 1846 362 1911 125.
410 1839 459 1913 Et
475 1839 530 1913 sie
541 1861 687 1936 semper
702 1838 743 1913 in
759 1838 863 1913 cubis
876 1838 1202 1917 intermittentibus

165 1972 292 2023 unum.

217 2063 257 2136 Si
274 2063 348 2137 duo
364 2065 510 2139 numeri
534 2065 620 2140 cubi
643 2065 893 2140 intermittunt
917 2064 1016 2141 dnos
1038 2090 1202 2143 numerus

167 2176 292 2267 cuboS,
311 2178 428 2252 diviso
449 2179 592 2253 minore
617 2202 686 2277 ρετ
708 2202 813 2253 suum
835 2177 1014 2269 redicem,
1039 2181 1202 2277 quotiens

165 2291 428 2388 multiplicatus
444 2316 512 2388 ρετ
523 2293 687 2368 radicem
705 2294 788 2390 plns
801 2302 824 2367 3
841 2292 947 2367 debit
956 2292 1122 2369 medinm
1136 2294 1201 2391 pri

165 2429 278 2477 mum.
331 2406 414 2480 Sint
436 2406 522 2479 cubi
545 2411 593 2490 27
619 2420 658 2482 et
683 2416 756 2482 216
782 2407 1077 2481 intermittentes
1097 2408 1201 2481 cubus

166 2541 263 2607 suos,
277 2542 409 2614 nempe
421 2528 469 2592 64
484 2531 523 2592 et
541 2529 626 2593 125:
643 2520 758 2593 diviso
771 2527 819 2603 27
831 2544 898 2616 ρετ
911 2544 1018 2593 snam
1032 2520 1200 2610 radicem,

165 2631 337 2726 quotiens
351 2643 408 2705 est
425 2640 472 2705 9:
490 2632 554 2728 qui
571 2632 820 2728 multiplicans
837 2632 1002 2706 radicem
1020 2641 1106 2707 3†3
1121 2632 1201 2707 feeit

168 2753 228 2831 54,
246 2743 406 2817 medinm
423 2745 594 2840 primum.
645 2745 771 2819 Diviso
797 2755 842 2818 54
868 2769 934 2841 ρετ
952 2754 976 2818 3
994 2746 1037 2818 fit
1059 2754 1122 2819 18:
1144 2745 1200 2843 qui

165 2857 426 2954 multiplicatus
443 2882 509 2953 per
527 2869 629 2948 3†3‚
642 2858 731 2933 facit
756 2867 836 2933 108.
870 2859 1078 2950 Postremo,
1092 2858 1199 2933 diviso

170 2979 239 3044 108
252 2994 318 3066 per
336 2981 371 3060 3,
389 2973 559 3066 quotiens
577 2973 647 3047 erit
670 2981 736 3046 36:
763 2973 826 3068 qui
850 2972 1120 3070 multiplicatus
1140 2994 1200 3071 per

166 3093 249 3157 3÷3
266 3083 356 3156 facit
373 3092 460 3159 216.

216 3197 255 3269 Si
281 3196 354 3270 duo
380 3198 523 3270 numeri
545 3198 631 3271 cubi
658 3197 907 3271 intermittant
930 3208 1010 3272 tres
1036 3220 1199 3272 numeros

166 3311 292 3398 cubos,
304 3322 343 3384 et
360 3310 474 3383 cubus
492 3311 612 3383 minor
625 3310 811 3383 dividatur
827 3333 894 3407 ρετ
910 3333 1017 3385 sunm
1034 3312 1198 3399 radicem,

164 3437 202 3497 et
219 3425 389 3520 quotiens
407 3424 672 3520 multiplicetur
687 3447 754 3520 per
771 3423 871 3496 illam
886 3422 1054 3499 redicem
1071 3426 1150 3522 plus
1164 3433 1197 3496 4:

163 3536 365 3632 productus
378 3536 449 3609 erit
461 3535 666 3609 mediorum
683 3536 835 3632 primus,
870 3536 919 3609 Et
936 3536 991 3611 sic
1004 3558 1196 3635 peromnes

163 3650 278 3724 cubos
294 3673 532 3723 numerorum
546 3650 705 3746 quisunt
717 3650 756 3721 in
773 3650 869 3723 serie
885 3652 1063 3743 naturali,
1076 3650 1195 3727 additis

165 3771 201 3851 5,
225 3771 261 3852 6,
290 3768 313 3846 7
341 3776 426 3852 etc„
449 3762 682 3836 invenientur
708 3762 821 3836 medii
850 3763 963 3860 primi
991 3766 1092 3841 inter
1119 3765 1194 3839 duur

164 3875 279 3949 cubos
296 3900 546 3975 quoscunque.

596 4179 701 4254 CAP.
727 4176 774 4252 V.

562 4319 626 4395 De
642 4316 807 4418 angulis.

160 4480 187 4531 r.
216 4458 424 4535 Arrenius
450 4458 663 4533 rectilineus
681 4471 738 4531 est
755 4456 934 4553 digressio
950 4456 1107 4533 duarum
1128 4477 1189 4530 rec·

160 4583 282 4647 tarum
299 4573 347 4646 nb
365 4573 497 4648 eodem
513 4583 654 4670 puncto
669 4571 710 4655 in
727 4570 1039 4649 circumferentia.
