2656 5136
96 654 171 719 336
352 669 407 722 DE
434 670 717 724 silbamunda
750 671 887 725 Pacci.

94 831 203 898 Labra
217 832 378 900 reclinatae
394 835 544 922 signabat
557 859 652 902 saxea
666 837 743 924 ripae

94 931 208 1009 Linea,
224 954 321 1016 quam
335 933 446 1000 latices
460 935 522 1021 ipsi
536 935 641 1002 secere
654 945 826 1013 tumentes,

96 1030 265 1117 Subnigris
280 1031 365 1097 saxis
378 1033 473 1099 modo
487 1033 683 1100 detumuisse
697 1034 827 1121 reperti.

94 1128 183 1216 Ergo
197 1141 335 1196 cassatos
349 1130 466 1197 iterum
477 1143 646 1219 expectare
659 1133 783 1198 labores

94 1227 213 1305 Taedit,
228 1240 262 1294 et
276 1230 451 1316 improbius
465 1231 569 1296 visum
583 1241 643 1298 est.
688 1230 862 1297 Discedere
877 1254 1016 1318 prorsus

95 1327 244 1393 Admotis
258 1351 463 1415 properamus
476 1330 579 1414 equis.
621 1329 699 1396 Jam
709 1330 842 1414 jamque
855 1333 1022 1399 abeuntes

2 1434 68 1497 370
95 1425 266 1493 Concussis
280 1451 465 1494 revocamur
479 1430 584 1514 aquis:
600 1428 803 1514 liquidosque
817 1429 968 1498 videmus

94 1527 216 1592 Attolli
230 1527 351 1605 latices,
367 1529 550 1614 sensimque
564 1529 703 1615 irrepere
718 1529 814 1595 saxis.

92 1624 234 1711 Jamque
249 1627 315 1693 sere
330 1628 424 1715 pleno
439 1629 576 1695 saltabat
589 1628 712 1695 fervida
726 1629 817 1695 sonte

92 1723 253 1811 Lympha,
268 1726 367 1804 velut,
382 1726 512 1793 rabidus
525 1749 599 1793 cum
614 1728 763 1793 subditur
776 1728 862 1815 ignis
875 1728 997 1807 aheno,

92 1823 212 1890 Nescia
225 1836 309 1890 stare
324 1825 394 1891 looo
407 1825 530 1911 refugit
543 1849 663 1891 savum
677 1826 764 1891 unda
777 1826 958 1904 metallum,

93 1922 177 1990 Cum
188 1925 285 2008 juxta
299 1924 421 1990 sontem
435 1924 584 1990 condicto
598 1924 723 1990 rivulus
737 1936 812 1992 ortu

92 2022 244 2108 Erumpit
258 2024 375 2100 subito,
390 2045 486 2109 super
500 2022 673 2107 infusoque
687 2023 812 2108 liquore

91 2120 231 2187 Praestat
245 2144 338 2205 aquae
353 2120 463 2187 solitos
476 2131 581 2187 auctae
595 2121 782 2209 contingere
797 2123 888 2188 fines.

93 2221 168 2304 Quo
182 2222 336 2307 perducta
350 2222 468 2287 iterum
482 2221 646 2298 decrescit,
658 2232 693 2288 et
706 2222 792 2288 illico
806 2221 869 2287 rivi

91 2321 239 2408 Desuper
253 2320 386 2386 immissi
400 2320 612 2407 restinguitur
626 2321 775 2407 impetus,
790 2331 825 2386 et
839 2343 914 2405 quaa

2 2433 67 2494 380
91 2420 272 2506 Respuerat
285 2420 405 2505 repetit-
418 2418 530 2484 sitiens
545 2442 603 2483 sua
617 2419 732 2504 pocula
746 2420 851 2485 tellus.

91 2518 247 2585 Distraoti
261 2519 365 2584 laticis
379 2541 452 2604 pars
467 2517 570 2583 effluit
585 2521 686 2584 altera
700 2519 779 2605 ripis

90 2618 205 2683 Fontis
218 2645 227 2694 ;
252 2629 382 2704 pertuso
396 2617 536 2682 infertur
550 2640 622 2702 pars
637 2619 738 2683 altera
752 2618 863 2683 fundo.

90 2715 258 2800 Furtaque
273 2716 425 2781 muscosis
440 2728 550 2800 erepta
564 2717 724 2781 levissima
739 2717 834 2793 saxis,

91 2815 310 2901 Graminaque
325 2827 358 2881 et
372 2815 494 2901 paleam
509 2826 542 2882 et
558 2816 664 2881 tenuis
682 2816 893 2903 prascgmina
908 2817 1048 2897 chartae,

93 2915 169 2983 Sive
183 2915 270 2980 aliud
285 2915 458 3000 quicquam
473 2937 572 3000 parva
586 2915 765 3001 superabile
780 2914 912 3001 lympha

90 3014 268 3101 Injicimus,
283 3014 410 3080 rediens
424 3013 523 3078 infert
537 3013 571 3077 in
587 3013 708 3079 viscera
722 3024 825 3079 terne.

90 3115 232 3199 Jamque
247 3114 361 3179 humili
377 3113 460 3178 fonti
475 3112 623 3198 proprius
638 3113 692 3177 vix
707 3113 853 3178 constitit
868 3112 1000 3190 humor,

92 3214 177 3282 Cum
191 3214 328 3279 redeunt
341 3213 478 3287 fluctus3
502 3212 620 3277 iterum
640 3234 699 3276 ceu
714 3212 803 3277 sebre
817 3212 942 3277 laborat

93 3314 192 3380 Unda
206 3325 362 3388 tremeus3
386 3312 503 3376 iterum
518 3321 651 3387 aestuat3
675 3323 832 3396 auctaque
847 3312 994 3398 lymphis

1 3425 67 3487 390
92 3412 246 3478 Externis
260 3412 378 3477 iterum
392 3409 547 3496 tropicam
562 3410 759 3496 contingere¹
775 3422 894 3476 metam

94 3512 230 3588 Sufficit,
246 3522 377 3595 accepto
391 3510 501 3574 velans
516 3533 574 3573 sua
588 3509 698 3573 littora
712 3510 831 3575 fluctu:

91 3613 208 3696 Atque
222 3611 340 3676 iterum
355 3609 483 3674 residet.
529 3608 593 3676 Sed
608 3632 666 3674 nos
680 3621 769 3674 vetat
784 3609 909 3674 umbra²
924 3614 1062 3691 morari,

93 3711 219 3777 Umbra
234 3709 410 3796 Giganteas
425 3709 561 3774 mentita
575 3708 714 3774 eolossea
728 3709 853 3774 formas.

91 3809 296 3875 Maturamus
309 3809 388 3885 itor3
405 3809 461 3873 sed
476 3807 649 3893 quaerimus
663 3807 748 3872 iuter
769 3807 921 3883 eundum,

92 3910 320 3994 Conamurque
335 3909 422 3974 omni
436 3908 551 3974 colluto
566 3907 685 3972 discere
701 3907 792 3993 signo

91 4010 218 4076 Abdita
233 4031 306 4093 quae
320 4019 448 4074 tautum
463 4006 602 4073 concivit
616 4029 711 4071 causa
725 4006 910 4070 tumultum.

90 4108 179 4173 Nam
194 4131 299 4193 neque
314 4108 445 4185 salsedo,
461 4129 566 4191 neque
581 4107 659 4191 quid
674 4129 841 4172 commune
856 4105 990 4170 marinis

91 4208 155 4274 His
169 4207 328 4294 reperitur
341 4207 433 4292 aquis
445 4231 453 4283 ;
476 4205 613 4271 Phoebes
625 4206 671 4270 nil
685 4206 824 4291 imputat
837 4215 924 4269 astro

91 4307 179 4375 Fons
193 4308 255 4386 hie,
272 4308 467 4395 temporibus
481 4329 541 4372 nec
555 4305 680 4372 tollitur
694 4305 748 4392 (ut
762 4304 864 4390 marc)
879 4305 997 4380 certis3

125 4507 208 4570 'Quo
232 4517 352 4578 prosecta
370 4507 470 4560 solebat
495 4505 596 4560 decres-
667 4505 822 4574 ²Solisjam
835 4503 987 4557 occidentis.

89 4609 153 4644 cere.
