2656 5136
255 668 331 734 220
561 680 802 737 rnaonanos
822 678 1013 736 ornacus.

63 873 148 915 ιιοι.
164 875 208 916 ιιι.
253 851 382 947 incipit
399 861 560 925 motusa
583 852 614 925 B
632 874 760 926 versus
787 851 828 940 Ο,
847 873 997 925 necesse
1013 860 1136 925 estut
1152 850 1290 948 incipiat

69 947 208 979 η’
252 978 373 1038 motus
390 991 413 1038 a
430 965 460 1039 C
476 988 603 1038 versus
620 964 665 1055 D,
685 977 723 1039 et
740 990 762 1039 a
779 964 956 1039 Drersus
973 964 1017 1055 li,
1035 976 1076 1039 et
1087 966 1137 1038 ab
1155 964 1187 1038 Ε
1202 988 1289 1061 pror·

250 1101 343 1151 sum.
372 1077 497 1152 Quare
514 1078 546 1151 si
558 1087 744 1152 statuatur
756 1079 885 1151 oculus
895 1077 934 1151 in
948 1077 1118 1173 qualibet
1128 1076 1289 1152 distantia

250 1216 272 1264 a
287 1191 375 1279 sole,
386 1204 477 1287 puta
489 1191 570 1264 inE
584 1220 594 1264 ι
625 1215 698 1288 quo
710 1192 870 1265 instante
882 1190 1013 1287 incipit
1029 1190 1089 1265 sol
1106 1190 1288 1265 dilitarese

249 1305 288 1376 in
302 1304 344 1391 B,
352 1304 482 1376 eodem
492 1304 645 1377 ferietur
656 1304 783 1378 oculus
794 1305 881 1377 iuli.
909 1304 1020 1378 Unde
1032 1304 1288 1401 propagabitur

249 1430 372 1490 motus
389 1417 437 1490 ad
451 1419 621 1506 retinam,
635 1429 674 1491 et
686 1416 774 1491 iude
788 1440 855 1514 per
872 1429 1050 1492 conatum
1066 1417 1287 1491 1111111111-

248 1554 336 1602 vum
350 1530 538 1625 opticum*
551 1554 666 1625 usque
689 1529 738 1603 ad
751 1530 960 1603 cerebrum:
979 1541 1019 1604 et
1032 1530 1107 1604 hoe
1117 1530 1286 1605 fiteodem

249 1644 423 1729 instante,
441 1667 514 1739 quo
539 1656 661 1717 motus
686 1641 817 1738 incipit
838 1643 878 1716 in
893 1642 936 1717 B.
988 1638 1285 1717 Praetereaestia

250 1756 413 1843 cerebro,
432 1767 474 1829 ut
497 1757 535 1829 in
559 1756 704 1830 caeteris
728 1756 900 1829 omnibus
916 1779 1001 1853 quae
1016 1758 1225 1853 patiuntur,
1239 1780 1285 1831 re

249 1869 346 1941 actio
369 1892 445 1956 sua,
463 1867 562 1942 unde
588 1882 712 1942 motus
729 1893 751 1941 a
771 1869 923 1942 cerebro
946 1882 1180 1967 propagatur
1199 1880 1283 1943 retro

248 2006 314 2078 per
332 2006 486 2055 nervum
512 1982 676 2079 opticum
701 1982 739 2054 in
766 1982 935 2073 retinam,
960 1982 1049 2057 inde
1066 2008 1138 2079 per
1153 1982 1282 2057 eusdem

248 2095 363 2168 lineas
380 2117 506 2168 versus
525 2095 640 2167 solem
657 2095 790 2191 quibus
807 2107 896 2170 ante
912 2120 936 2169 a
961 2095 1040 2170 sole
1057 2120 1188 2171 versus
1209 2094 1283 2170 reti·

248 2231 346 2280 nam.
399 2209 522 2304 Atque
550 2208 672 2281 omnis
702 2208 763 2281 hic
789 2233 985 2305 processus
1008 2212 1084 2285 erit
1107 2210 1236 2301 factus,
1248 2220 1282 2283 ut

244 2322 323 2416 jam
348 2321 680 2394 demonstravimus
707 2321 788 2394 fieri
805 2346 829 2395 a
845 2322 923 2396 sole
943 2322 992 2396 ad
1009 2322 1173 2412 oculum,
1186 2323 1223 2396 in
1236 2323 1281 2394 in-

249 2450 383 2509 stante.
436 2435 676 2508 Manifestum
695 2458 784 2531 ergo
802 2436 914 2509 estin
934 2438 1035 2510 omni
1053 2438 1195 2510 visione
1211 2459 1280 2533 pro

248 2549 377 2644 pagari
396 2559 537 2620 motum
555 2572 577 2620 1
594 2547 717 2620 lucido
735 2546 783 2620 ad
800 2548 949 2621 oculum
971 2562 1008 2622 et
1027 2549 1076 2622 ad
1095 2550 1279 2635 cerebrum,

249 2674 287 2734 et
304 2660 390 2733 inde
415 2674 515 2733 retro
540 2659 733 2756 adportes
764 2673 868 2733 extra
889 2661 1028 2747 ocutos,
1056 2662 1097 2734 in
1124 2661 1278 2735 instante.

248 2773 488 2845 Manifestum
513 2773 601 2846 item
620 2786 688 2861 est,
707 2786 847 2846 motum
866 2774 929 2868 qui
953 2775 1005 2847 sio
1029 2800 1052 2848 a
1075 2775 1198 2848 lucido
1214 2798 1278 2871 pro

248 2900 416 2982 pagatur,
436 2886 651 2959 debiliorem
670 2910 749 2959 esse
766 2885 877 2982 longe
895 2911 1006 2983 quam
1025 2912 1153 2985 prope.
1203 2888 1277 2961 Cum

249 3001 347 3072 enim
366 3000 429 3073 BC
446 3000 493 3074 sit
512 3002 629 3096 major
653 3024 763 3095 quam
782 3000 858 3089 CD,
878 3011 916 3073 et
933 3000 999 3074 CD
1016 3026 1130 3098 quam
1157 3002 1226 3086 DE,
1240 3000 1277 3071 sit

248 3126 372 3186 tamen
390 3126 535 3209 tempus
547 3113 823 3209 propagationis
841 3138 863 3186 a
882 3113 912 3185 B
932 3113 981 3187 ad
998 3113 1029 3188 C
1047 3114 1148 3188 idem
1164 3112 1276 3213 quoda

248 3227 345 3301 Oad
365 3226 411 3317 D,
426 3227 484 3299 vel
501 3250 525 3299 a
541 3225 575 3299 D
593 3225 642 3298 ad
664 3227 714 3298 E:
741 3225 902 3299 velocior
930 3238 988 3300 est
1015 3239 1138 3301 motus
1164 3248 1275 3325 propa-

246 3353 356 3438 gatus
374 3343 411 3414 in
430 3341 493 3414 BC
511 3364 621 3436 quam
639 3341 675 3412 in
696 3339 772 3428 CD,
786 3352 824 3413 et
840 3340 879 3413 in
898 3338 963 3412 CD
977 3364 1090 3437 quam
1108 3341 1146 3414 in
1164 3339 1233 3427 DE,
1247 3347 1274 3409 et

248 3457 299 3528 sic
318 3455 500 3550 deinceps.

298 3571 489 3642 Hactenus
508 3581 649 3641 motum
667 3592 690 3640 a
706 3567 830 3641 lucido
849 3566 966 3664 qualis
984 3566 1033 3641 sit
1052 3561 1272 3641 considerari·

248 3706 349 3754 mus:
372 3683 451 3777 jam
474 3680 659 3777 quomodo
686 3681 771 3754 talis
795 3697 932 3766 motus,
951 3695 990 3754 et
1008 3680 1170 3779 quando,
1186 3700 1271 3751 roca·

247 3808 308 3868 tur
321 3796 457 3883 lumen,
475 3795 783 3868 considerandum
798 3808 865 3868 est.

298 3909 431 3994 Primo,
449 3909 480 3982 si
497 3909 598 3982 nulla
611 3921 707 3981 esset
724 3908 827 3995 visio,
847 3907 939 3980 nihil
957 3921 1055 3980 esset
1072 3907 1171 4005 quod
1186 3925 1269 3977 roos·

245 4053 368 4102 remus
385 4028 531 4100 lumen:
558 4051 644 4100 nam
662 4026 751 4100 caeci
768 4027 848 4099 nuti
865 4027 1077 4122 loquentem
1095 4027 1141 4100 de
1158 4022 1268 4098 lumine

246 4155 285 4214 et
302 4141 484 4214 coloribus
503 4165 577 4214 non
595 4140 818 4236 intelligunt.
873 4140 1016 4213 Lumen
1034 4164 1125 4237 ergo
1145 4162 1214 4212 uon
1228 4130 1267 4205 di·

245 4256 343 4327 citur
361 4266 482 4327 motus
506 4264 591 4326 ante
610 4252 801 4340 visionem,
819 4253 889 4324 hoc
913 4263 971 4325 est
998 4266 1193 4350 antequam
1207 4264 1265 4343 per·

245 4368 369 4441 veniat
398 4367 446 4440 ad
477 4368 680 4440 cerebrum.
733 4364 875 4439 Deinde
906 4380 1050 4439 mutum
1081 4366 1119 4439 iu
1143 4360 1264 4437 cerebro

246 4481 345 4574 quod
359 4505 530 4554 vocamus
543 4480 679 4569 lumen,
695 4502 769 4550 uon
783 4479 960 4551 sentimus
974 4479 1013 4551 iu
1031 4478 1113 4576 ipso
1127 4474 1263 4551 cerebro,

724 4668 742 4701 ³
758 4665 816 4725 Sic.
