2656 5136
417 640 750 694 accensiusrrcn.
1032 627 1106 694 399

64 803 232 887 Quantum
248 802 311 868 illis
326 827 463 888 quorum
478 805 611 890 populos
626 806 782 893 sapientia
790 807 878 893 juvit

108 904 182 968 Aut
197 904 299 968 virtus
309 904 432 990 ingens,
449 905 501 970 vel
515 904 678 972 decoravit
691 927 753 972 eoa

63 1003 124 1068 Nil
139 1004 198 1069 tibi
213 1003 350 1082 Pelides,
366 1004 411 1068 nil
426 1027 512 1070 nunc
527 1005 587 1070 tibi
601 1004 699 1072 debet
713 1004 886 1073 Homerus.

108 1102 197 1168 Vilia
212 1104 295 1168 dona
309 1103 368 1169 tibi
378 1105 446 1188 jam
461 1105 583 1190 periere
596 1114 663 1170 tua.

67 1201 193 1268 Sufficit
207 1226 282 1289 ergo
298 1203 386 1281 mihi,
402 1203 428 1268 si
444 1203 522 1288 quid
536 1206 618 1270 bene
632 1203 746 1282 fecero,
763 1203 837 1270 vivo

109 1302 265 1367 AEmulus
279 1302 427 1379 oblatret,
443 1302 553 1368 laudet
566 1303 687 1369 amicus
701 1304 804 1369 homo.

64 1402 125 1465 Pr,
151 1400 198 1465 Hi
212 1401 317 1487 primi,
333 1400 486 1487 (dicunt),
503 1401 765 1486 Lambardusque
775 1414 808 1468 et
825 1401 974 1469 Scotusa
987 1403 1092 1480 Duns,

108 1499 193 1566 Cum
208 1500 299 1565 sociis
314 1501 424 1586 primae
439 1523 519 1585 quos
533 1501 672 1566 habuere
687 1501 812 1579 scholae,
1026 1508 1109 1567 1880

64 1600 117 1665 Ex
134 1600 295 1676 Patribus,
314 1599 419 1666 Sacris
436 1599 620 1686 Scripturis,
636 1609 670 1666 et
686 1599 852 1687 Stagyrita

109 1699 234 1775 Mixtis,
249 1699 426 1763 doctrinam
441 1721 645 1785 composuere
659 1722 784 1764 novam.

65 1798 227 1883 Linguam
245 1797 420 1862 Romanam
435 1809 560 1864 vertere
575 1797 609 1861 in
625 1795 866 1865 Gallimatiam¹.

110 1900 175 1960 Sec.
201 1896 313 1962 Sermo
328 1895 425 1980 quis?
454 1897 514 1960 Pr.
539 1896 711 1982 Apposite.
727 1896 956 1961 Dacooalanad
976 1907 1052 1962 erat

67 1997 131 2060 Sea.
149 1995 295 2076 Quorum
310 1995 475 2060 hominum
490 1996 615 2061 sermo?
644 1997 705 2060 Pr.
724 1994 905 2062 Samnitum
917 2019 980 2061 non
995 1997 1105 2082 procul
1117 1994 1248 2060 umbris.

113 2093 247 2180 Scripsit
261 2117 298 2159 eo
313 2095 433 2160 multos
448 2093 546 2160 Musa
560 2093 666 2159 Lalia¹
682 2095 788 2160 libros

69 2194 216 2276 Quorum
231 2194 410 2259 doctrinam
426 2195 522 2280 pleno
537 2193 723 2279 quicunque
738 2193 871 2261 bibisset

112 2293 252 2372 Haustu,
270 2303 423 2372 mutatus,
439 2317 503 2360 non
519 2294 635 2360 eratid
650 2295 828 2380 quoderat

67 2393 173 2460 Pctus
187 2395 272 2459 utin
287 2417 406 2472 mensa,
421 2395 564 2481 geminas
579 2403 673 2481 putat
687 2416 755 2461 esse
774 2395 938 2462 lucernas:

114 2494 167 2560 Sic
181 2516 289 2580 regem
304 2494 358 2560 ille
373 2517 467 2560 suum
483 2494 623 2581 concipit
637 2517 706 2561 esee
720 2494 811 2561 duos.
1032 2500 1115 2559 1890

68 2592 120 2658 Ut
135 2593 191 2677 qui
206 2595 355 2660 veneficae
370 2603 517 2681 gustarat
530 2594 646 2681 pocula
661 2593 782 2673 Circes,

112 2693 184 2758 Illic
199 2716 216 2758 e
230 2717 329 2779 puero
344 2694 382 2759 fit
396 2693 501 2780 lupus,
517 2716 621 2771 ursus,
637 2716 725 2780 aper,

67 2790 115 2857 Et
129 2792 247 2857 sicures
261 2793 393 2879 vigilare
403 2794 561 2878 jubentur
575 2793 615 2858 ad
630 2794 712 2859 atria
724 2792 853 2871 Circes3

115 2889 168 2955 Sic
183 2890 279 2975 Papia
295 2891 411 2957 debent
427 2892 602 2978 advigilare
617 2892 743 2958 seholae.
857 2969 859 2973 y

71 2988 163 3055 Sicut
177 3013 265 3054 amor
279 2989 357 3056 Loti
372 2989 472 3056 socios
487 2990 626 3056 mutavit
640 2990 779 3077 Ulyssis,

113 3087 167 3153 Ne
183 3089 302 3154 vellent
316 3089 426 3175 patriae
440 3090 513 3177 plus
528 3089 709 3154 meminisse
725 3111 790 3154 suae
805 3113 812 3153 :

72 3186 126 3253 Sic
141 3187 239 3273 Papis
253 3188 338 3253 cives
352 3188 501 3274 adjunxit
515 3186 583 3254 vita
597 3187 759 3265 scholaris,

112 3286 269 3371 Fecitque
284 3308 410 3353 aversos
424 3287 553 3373 regibus
567 3308 635 3352 esse
650 3286 725 3352 suia

71 3387 145 3452 Hoc
160 3410 288 3472 quoque
302 3409 360 3474 par
375 3386 480 3451 Ithaci
494 3384 587 3451 sociis
601 3396 660 3463 est,
676 3395 774 3470 atque
789 3384 933 3463 scholari,

114 3487 263 3552 Mutatus
278 3486 382 3573 specie
397 3495 436 3552 ut
450 3508 484 3551 se
498 3495 592 3572 putet
607 3508 676 3552 esse
690 3484 806 3552 vinnm.
1032 3489 1115 3552 1900

71 3586 293 3674 Egressusque
307 3586 421 3652 scholae
436 3585 586 3663 tenebris,
603 3606 684 3670 quos
698 3583 849 3650 convenit
867 3607 986 3663 omnes,

115 3686 299 3752 Communis
313 3687 390 3751 vitae
404 3685 529 3751 nescius
543 3684 621 3770 ipse,
637 3685 739 3749 docet

71 3785 250 3864 Exclamat,
266 3787 390 3865 clamat,
406 3784 563 3852 declamat
577 3783 724 3850 fortiter:
748 3805 857 3850 omnes

116 3883 347 3971 Intempestive
362 3884 494 3972 corrigit
508 3894 606 3970 atque
622 3883 726 3949 docet.

76 3983 278 4069 Simpliciter,
294 3997 362 4050 κατὰ
375 4016 410 4063 n,
425 3984 543 4071 typice,
560 3983 674 4070 topice,
690 3982 850 4068 tropiceve

118 4082 244 4161 Omnia,
260 4105 333 4167 quae
347 4083 473 4149 libitum
489 4093 539 4149 est
553 4083 667 4161 dicere,
682 4104 759 4148 vera
776 4080 862 4146 facit

76 4183 163 4248 Huic
178 4183 341 4248 hominum
356 4182 465 4269 generi
479 4183 663 4247 mandatum
680 4193 730 4247 est
739 4181 916 4267 justificare

119 4282 246 4359 Omnia,
262 4305 334 4367 quae
349 4282 451 4348 voluit
465 4282 555 4369 Papa
568 4305 681 4349 vocare
695 4282 830 4346 Fidem:

75 4382 340 4468 Obsequiumque
357 4380 460 4448 Sacrae
474 4382 549 4448 dare
564 4393 643 4448 tunc
657 4382 726 4448 sine
740 4380 843 4445 limite
861 4377 946 4456 Sedi,

437 4573 445 4604 ¹
465 4579 545 4649 [vida
557 4578 760 4645 Gaosaamun]
