2656 5136
209 662 283 729 300
619 674 843 730 nurerum.

17 846 182 963 ξω
207 841 333 940 eliqua
346 841 512 940 generali
528 840 779 939 descriptione
798 839 1041 930 conveniunt,
1058 838 1200 917 eadem
1212 840 1265 917 id*

22 946 167 1021 'w-
208 956 309 1030 circo
334 954 503 1029 absolute
529 952 687 1029 dicenda
710 954 801 1029 sinte
826 966 870 1028 ut
890 976 1011 1051 equus
1037 966 1102 1029 est
1128 954 1265 1031 aninnl

208 1068 430 1165 quadrupes,
447 1068 661 1156 condatum,
678 1077 717 1142 et
737 1067 880 1141 lacerta
905 1079 963 1142 est
983 1067 1104 1141 etiem
1128 1066 1266 1143 animal

207 1180 430 1280 quadrupes,
456 1180 673 1257 condatum:
702 1204 792 1278 ergo
808 1203 925 1279 equus
941 1192 980 1255 et
998 1180 1151 1257 lacerta
1166 1182 1266 1259 iden

207 1306 306 1368 sunt.

259 1405 443 1495 Secundo,
477 1406 778 1507 quandoquidem
810 1408 892 1482 vult
924 1408 1116 1484 sustinere
1157 1434 1266 1487 sunm

208 1521 378 1618 spiritum
391 1523 578 1597 internum
592 1533 631 1598 et
646 1544 769 1597 meam
782 1521 976 1596 materiem
989 1522 1174 1599 subtilem
1186 1548 1268 1601 esec

208 1657 324 1708 unum
349 1647 388 1710 et
409 1635 521 1725 idem,
539 1634 614 1711 duo
633 1635 697 1710 hic
719 1633 1011 1709 contradictoria
1030 1634 1154 1712 habet
1181 1662 1268 1737 pro-

208 1746 346 1823 banda:
373 1773 519 1847 nempe,
544 1748 645 1825 idem
667 1770 802 1846 corpus
827 1748 963 1823 subtile
978 1747 1018 1821 vi
1041 1772 1126 1825 suec
1145 1754 1269 1851 agita-

207 1860 318 1935 tionis
329 1885 409 1937 esse
421 1884 570 1935 causam
581 1859 745 1950 durinci,
756 1872 801 1934 ut
813 1860 876 1934 ille
889 1860 1080 1956 opinatur,
1094 1876 1139 1937 et
1155 1864 1269 1941 simul

206 1974 243 2046 vi
268 1996 344 2047 suae
365 1974 580 2071 agitationis
597 1996 679 2048 esse
695 1996 849 2047 causam
865 1971 1051 2065 mollitiei,
1069 1976 1181 2071 quod
1197 2002 1268 2077 ego

207 2087 391 2162 existimo.
444 2087 519 2162 Sed
545 2098 668 2162 mutat
696 2086 958 2184 questionem:
992 2098 1033 2162 et
1061 2100 1269 2189 postquam

206 2201 317 2274 linxit
333 2200 508 2275 duritiem
525 2224 606 2275 esse
621 2225 645 2275 a
658 2212 764 2274 motu
780 2200 901 2295 magis
912 2199 1046 2291 veloci,
1064 2202 1269 2281 mollitiem

207 2338 296 2389 vero
322 2338 345 2387 a
370 2326 475 2388 motu
500 2314 623 2389 miuus
647 2313 779 2404 veloci,
803 2313 885 2388 vult
909 2313 983 2388 hoc
1010 2314 1190 2394 sufficere
1219 2320 1269 2395 ad

206 2451 313 2501 suum
330 2428 560 2502 institutum:
587 2428 755 2524 quamvis
778 2450 849 2524 ego
875 2439 1006 2501 contra
1026 2441 1165 2525 putem
1188 2456 1268 2508 mo-

207 2554 287 2614 tum
305 2541 424 2638 magis
441 2541 605 2616 velocem
629 2543 774 2615 efficere
798 2541 1003 2631 mollitiem,
1021 2554 1061 2616 et
1081 2543 1267 2621 duritiem

206 2676 286 2726 esse
303 2677 326 2726 a
343 2653 480 2750 quiete.
532 2652 721 2751 Additque
739 2679 797 2727 me
824 2655 885 2727 hic
912 2653 1112 2729 ostendere
1138 2660 1266 2755 potius

206 2767 432 2840 volantatem
463 2790 573 2862 quam
604 2767 787 2841 rationem
822 2767 1077 2857 dissentiendi,
1115 2795 1266 2870 nempe,

205 2881 293 2976 quia
309 2880 396 2953 nolo
414 2877 610 2954 admittere
633 2905 678 2954 eu
701 2903 784 2977 quae
809 2880 918 2977 plane
944 2884 1138 2957 contraria
1163 2900 1265 2975 sunt,

205 3017 417 3089 esseunnm
434 3005 473 3068 et
489 2993 599 3066 idem.
637 2994 734 3067 Num
752 2993 842 3089 quid
859 2993 908 3067 ad
924 3017 1017 3083 rem,
1031 2995 1063 3068 si
1079 2998 1164 3093 ejus
1182 3022 1266 3073 cor·

204 3131 273 3204 pus
291 3107 427 3181 subtile
444 3106 543 3180 idem
560 3107 610 3180 sit
627 3105 727 3202 quod
744 3130 827 3179 mea
845 3107 1001 3180 materia
1018 3108 1193 3201 subtili*,
1206 3111 1265 3186 vel

203 3222 359 3314 nonsit,
378 3246 462 3296 cum
481 3221 735 3318 praesertimsi
761 3221 860 3295 idem
885 3222 933 3295 sit
956 3245 1108 3317 possum
1135 3224 1264 3299 dicere

203 3335 308 3409 illum
321 3360 344 3408 a
356 3360 416 3409 me
430 3358 510 3408 esse
527 3347 748 3422 mutuatum,
761 3335 848 3430 quia
863 3334 967 3430 prior
980 3336 1133 3432 scripsi:
1152 3338 1265 3436 quid·

203 3473 273 3544 que
292 3450 409 3546 magis
427 3448 620 3536 absonum,
638 3470 748 3544 quam
766 3447 866 3544 quod
885 3448 972 3521 velit
989 3460 1032 3520 ut
1058 3448 1188 3525 fatear
1206 3477 1264 3526 me

202 3563 339 3637 sentire
356 3562 465 3659 plane
484 3561 713 3635 contrarium
741 3562 820 3657 ejus
844 3560 944 3656 quod
968 3584 1098 3635 revera
1124 3567 1263 3655 sentio,

203 3687 247 3748 ut
269 3675 410 3749 scilicet
433 3674 506 3771 ipsi
530 3672 729 3748 assentiar?
782 3675 926 3748 Caetera
947 3698 1030 3771 quae
1051 3675 1116 3750 hic
1140 3679 1263 3770 addit,

204 3812 280 3861 non
298 3800 385 3861 sunt
401 3788 524 3860 minus
538 3789 700 3860 absona:
719 3798 756 3859 ct
774 3788 865 3861 mihi
879 3789 1020 3883 affingit
1040 3790 1264 3885 opinionem

205 3901 251 3973 de
274 3924 388 3974 causa
405 3899 553 3973 duritiei
579 3924 689 3996 quam
714 3923 904 3997 nunquam
930 3902 1056 3991 habui,
1074 3916 1120 3977 ut
1147 3908 1262 3981 nosti.

204 4015 279 4088 Sed
297 4037 388 4109 rogo
405 4036 453 4085 ne
470 4012 577 4107 plura
594 4037 640 4086 ex
665 4026 704 4087 te
732 4012 850 4088 discat
872 4015 918 4088 de
945 4015 1036 4088 meis
1063 4018 1264 4118 principiis

203 4152 314 4225 quam
328 4129 406 4224 jam
424 4127 538 4200 novit.

253 4242 314 4316 Ad
331 4242 494 4330 tertium,
513 4239 612 4337 qood
628 4240 748 4314 fassus
767 4264 849 4313 sum
872 4241 946 4315 dici
971 4265 1093 4338 posse,
1115 4248 1265 4322 credidi

203 4356 326 4454 aliquo
341 4380 452 4429 sensu
467 4379 574 4451 posse
592 4355 750 4452 intelligi
768 4379 842 4451 quo
859 4380 987 4429 verum
1005 4370 1124 4431 esset:
1142 4361 1266 4436 sedet

685 4607 703 4642 ⁴⁵
721 4605 778 4666 Sic.
