2656 5136
70 585 148 651 346
535 604 762 657 PRAEFATIO.

73 786 95 816 “
110 788 218 845 nostra
226 778 429 845 damnamus:
452 791 487 847 et
501 782 680 849 mordentes
694 782 841 859 invicem,
851 782 924 868 jam
938 784 1116 873 absumpti
1128 808 1219 855 m

72 907 93 937 “
107 900 148 965 ab
162 897 414 966 invicem”.—Et
429 900 563 987 ipsemet
578 900 807 968 Constantinus
827 922 929 987 quam
949 900 1154 973 disemum
1171 904 1221 971 tuis

71 1043 90 1086 a
111 1019 207 1086 sacris
228 1019 325 1104 hujus
346 1019 498 1107 temporis
518 1020 607 1099 rixis,
622 1032 657 1088 et
677 1044 775 1107 quarn
795 1044 883 1108 aegre
903 1020 990 1089 tulit
1009 1024 1221 1093 Graeculam

70 1136 243 1203 sltercandi
263 1136 438 1223 ingenium,
454 1137 551 1205 index
571 1138 615 1205 sit
635 1139 691 1205 illa
710 1139 751 1205 ad
766 1140 997 1209 Alexandnnn
1018 1152 1087 1211 cta.
1102 1144 1223 1233 epistds

70 1256 153 1343 apud
170 1256 372 1321 Eusebium¹:
396 1257 453 1323 ubi
466 1257 554 1325 dolet
573 1280 632 1345 pro
652 1259 760 1347 parvis
781 1270 815 1327 ct
834 1260 930 1329 valde
952 1262 1102 1331 modicis
1122 1264 1221 1343 causis

68 1386 199 1463 propter
213 1376 381 1442 leviculam
396 1378 612 1464 quaestionem,
626 1389 757 1466 propter
777 1402 877 1467 parva
889 1389 925 1447 et
941 1402 1035 1447 vana
1049 1404 1222 1451 sermonum

66 1498 250 1576 certamina,
273 1499 398 1565 inanem
420 1501 589 1567 verborum
610 1500 790 1587 strepitum,
811 1499 1031 1583 subtilitates,
1048 1502 1222 1583 futr'litstcs,

68 1618 229 1687 infantum
240 1620 413 1698 fatuitates,
425 1620 540 1689 fratres
554 1620 706 1688 fratribus
717 1620 885 1699 committi,
896 1622 989 1691 etad
1003 1628 1222 1695 neceasihtru

69 1737 271 1824 blasphemia
286 1750 344 1804 aut
357 1739 534 1805 schismatis
547 1738 680 1827 impelli.

113 1858 167 1924 Ad
181 1858 290 1925 eadem
305 1858 445 1925 concinit
463 1858 548 1925 inter
562 1858 743 1927 Catholicae
756 1856 850 1925 istius
863 1859 977 1927 sectili
992 1872 1115 1949 poetas
1129 1864 1223 1933 aurs

68 1977 130 2045 lius
144 1977 356 2045 Prudentius:

347 2187 439 2243 Fidem
451 2186 561 2241 minutis
573 2186 704 2243 dissecant
716 2187 882 2259 amhagibus,

381 2282 420 2336 lit
430 2281 542 2352 quisque
553 2280 647 2351 lingua
658 2290 698 2335 est
709 2280 826 2351 nequim.

344 2376 456 2430 Scirum
464 2374 600 2446 ligantque
618 2377 796 2446 questionum
808 2374 918 2429 vincula

379 2471 430 2525 Per
440 2470 603 2540 syllogismos
614 2471 738 2543 plectiles

344 2565 390 2618 Vre
403 2565 524 2635 captiosis
537 2566 755 2635 sycophantarum
769 2565 896 2636 strophis!

380 2662 428 2714 Vre
440 2661 566 2730 versipelli
580 2664 697 2717 astutis!

344 2756 435 2809 Nodos
447 2765 549 2810 tenaces
561 2767 630 2810 rectu
642 2758 739 2828 mmpit
752 2757 851 2828 regula,

380 2852 479 2906 Infesta
490 2851 695 2907 dissertantibus.

346 2946 446 3001 Idcirco
458 2946 552 3000 mundi
564 2947 644 3001 stulta
656 2947 754 3017 delegit
766 2948 848 3014 Deus,

379 3042 417 3095 Ut
427 3041 566 3096 concidant
582 3042 737 3113 sophistica².

65 3236 241 3325 Utcunque
256 3246 363 3303 autem
379 3236 463 3301 illius
485 3234 592 3301 saeculi
607 3246 718 3322 poete,
735 3257 853 3301 novum
874 3236 1118 3322 prospicientes
1140 3264 1220 3308 cam·

63 3386 150 3450 pum,
164 3361 198 3426 in
213 3382 341 3427 arenam
356 3356 551 3423 descendunt
565 3356 698 3422 fervidi:
723 3379 785 3420 non
798 3357 865 3441 jam
883 3354 1121 3444 Ltcstrygonas
1138 3360 1221 3426 Har-

62 3506 205 3572 pyasquc
227 3489 387 3570 premunt,
410 3488 627 3565 aucupantur:
659 3476 713 3542 sed
743 3474 985 3554 Monothclitas,
1015 3478 1220 3548 Pneumato·

63 3604 200 3681 machos,
223 3597 506 3668 Homuncionistas
526 3599 625 3684 (nova
646 3596 802 3683 monstra)
821 3595 988 3662 haercticos
1011 3608 1089 3666 toto
1112 3601 1220 3668 Marte

63 3725 260 3793 confodiunt.

105 3846 153 3911 Et
173 3867 270 3930 qnam
292 3839 384 3907 avide
405 3839 524 3925 ubique
546 3848 708 3905 sectantur
729 3836 898 3923 aenigmata
918 3836 975 3901 illa
998 3863 1104 3920 sacra,
1126 3844 1220 3912 Oidi.

62 3966 159 4052 podas
174 3986 267 4051 agere
289 3959 458 4026 delcetatil
503 3959 598 4025 Nova
619 3957 842 4044 mysteriorum
865 3967 972 4043 segete
996 3959 1217 4042 luxuriantes,

63 4094 97 4149 et
120 4081 248 4149 insolito
272 4075 475 4146 caecutientes
504 4078 633 4154 lumine,
663 4076 795 4142 mirilico
824 4076 899 4141 alita
927 4076 1054 4144 aethera
1085 4094 1217 4169 petunt.

96 4394 172 4466 ¹[De
181 4387 513 4447 citaComturrtiai.lih.ii.
527 4389 615 4442 Ecas-
684 4388 825 4460 ²[Anrclii
856 4386 992 4440 Prudentii
1022 4392 1218 4466 Acornsosre,

64 4504 102 4544 sn
115 4488 232 4545 Ecttss.
246 4488 327 4543 Hiar.
337 4484 380 4539 lul.
393 4488 468 4540 loro.
477 4505 502 4558 p.
514 4483 611 4551 let-7]
651 4484 770 4556 Hymnus
783 4486 810 4537 ia
824 4481 953 4554 Infidelcs.
964 4486 1075 4556 3343]
