2656 5136
219 585 294 652 ³98
639 602 842 655 ursionis

261 765 328 849 Qui
343 764 441 832 nimio
455 766 576 853 ingenii
590 777 641 834 est
654 778 769 855 eaptus
782 788 894 834 amore
909 768 976 835 sui.

218 866 280 930 Pr.
304 866 465 931 Attamen
478 866 533 932 hic
544 867 666 933 stultns
679 890 747 933 uon
758 866 983 947 naturalimt
995 878 1076 937 ute

264 963 327 1029 Est
339 964 454 1042 factus,
469 964 584 1053 gignet
596 966 838 1052 persimilesque
850 964 914 1033 sui.

219 1062 286 1146 Qui
301 1065 382 1129 bene
397 1064 573 1150 composito
585 1064 731 1150 loquitur
744 1064 858 1131 debris
871 1064 985 1145 vultm

263 1161 432 1228 Sermones
447 1186 564 1230 vacuos
578 1163 688 1230 fundit
702 1175 736 1230 et
749 1186 805 1231 ore
818 1165 926 1251 gravi,

218 1260 319 1326 Anne
334 1262 368 1326 in
382 1262 527 1351 catalogo
543 1285 666 1349 quaeres
678 1264 765 1330 huno
779 1263 890 1329 elassis
904 1264 1023 1331 euntis

262 1360 467 1448 Anticyram,
481 1386 524 1427 au
538 1363 624 1429 sanis
637 1362 896 1429 adnumerandus
910 1363 1009 1429 erit?
1209 1370 1276 1431 isto
1320 1388 1322 1401 ·

221 1460 304 1524 Nam
314 1461 450 1545 juvenes
465 1462 561 1526 etiam
576 1460 689 1528 deliria
702 1462 823 1529 discere
837 1478 991 1548 possunt,

264 1560 339 1623 Aut
352 1559 551 1625 accusandus
566 1559 790 1647 ludimagister
802 1560 874 1627 erit.

220 1658 284 1722 Sec.
308 1656 407 1723 Posse
421 1658 553 1743 quidem
569 1659 687 1725 stultos
700 1658 772 1725 lieri
785 1657 928 1725 concedo
942 1657 1118 1739 docendo,

264 1755 390 1821 Verum
405 1757 451 1823 sio
465 1755 568 1823 factos
582 1780 677 1825 nemo
690 1758 790 1825 fuisse
804 1768 908 1845 putat

220 1854 284 1921 Die
299 1878 408 1940 quare,
424 1856 562 1940 quando,
578 1857 697 1941 quibus
709 1859 834 1925 artibus
846 1868 949 1941 atque
963 1859 1159 1947 magistris,

263 1954 426 2020 Effectum
442 1966 494 2021 est
506 1953 628 2020 foedum
644 1956 898 2042 pestiferumque
912 1956 1039 2023 scelus.

220 2054 283 2119 Pr.
306 2054 476 2120 Pontificio
491 2077 597 2132 suasu,
613 2054 756 2134 Carolus,
771 2077 874 2123 novus
888 2054 1139 2145 Induperator,

264 2153 404 2219 Artibus
418 2153 568 2240 ingenuis
581 2154 666 2221 ferre
680 2155 818 2222 volentis
831 2176 938 2241 opem,

220 2252 346 2318 Inscius
360 2253 480 2319 includi
495 2254 622 2319 curavit
635 2254 793 2321 moenibus
807 2276 929 2332 omnes,

264 2352 316 2418 Ut
330 2375 401 2437 que
415 2353 468 2419 cui
483 2352 600 2440 placita
613 2364 672 2431 est,
687 2354 763 2419 inde
777 2353 916 2441 petendo
930 2353 1035 2423 foret.
1210 2364 1280 2425 185⁰
1320 2380 1322 2473 q

220 2450 267 2516 Et
281 2451 383 2537 primo
398 2451 487 2517 foelix
502 2452 680 2517 studiorum
695 2452 811 2521 Gallus
825 2462 960 2530 amator,

264 2551 413 2616 Festinat
428 2550 533 2617 Musis
547 2552 701 2618 adificare
716 2553 857 2618 domum.

221 2648 353 2714 Parisiis
368 2650 481 2735 surgit,
497 2673 570 2735 quae
585 2673 672 2716 nune
687 2650 826 2715 Sordones
841 2661 987 2728 vocatur,

265 2748 479 2835 Theiologum
494 2749 608 2815 studiis
622 2750 827 2836 appropriata
851 2750 978 2815 Schola.

223 2847 332 2934 Hujus
347 2848 387 2912 ad
402 2848 596 2934 exemplum,
607 2872 699 2935 reges
714 2849 832 2933 aliique
847 2860 1001 2934 potentes

265 2947 492 3014 Christicolum
509 2948 622 3012 studiis
637 2959 724 3014 tecto
737 2950 874 3033 superbe
886 2948 1022 3027 dabant,

222 3048 408 3132 Hortosque
424 3057 457 3111 ct
471 3047 578 3122 libros,
595 3057 628 3113 ct
642 3070 716 3131 quae
730 3047 791 3112 tibi
806 3047 932 3133 singula
947 3048 1014 3114 dici

264 3147 341 3213 Non
357 3169 437 3232 opus
452 3157 511 3211 est.
533 3145 616 3227 Quae
631 3156 708 3211 sunt
719 3146 826 3229 qualia
840 3156 987 3231 quotque
1000 3148 1109 3217 vides.

224 3247 318 3313 Solus
333 3245 424 3331 Papa
438 3258 545 3310 tamen
560 3245 647 3332 leges
660 3246 759 3311 (labat
772 3256 870 3329 atquc
885 3246 1074 3333 magistros,

265 3347 398 3412 Laedcre
414 3369 453 3410 ne
466 3357 573 3431 posset
587 3346 786 3432 philosophia
798 3346 921 3412 Fidem.
1205 3356 1277 3415 1860

221 3450 284 3511 Sec.
310 3446 387 3511 Non
404 3445 508 3531 placet
522 3445 592 3511 hoc.
638 3445 769 3510 Animis
784 3469 865 3529 quos
880 3468 944 3510 non
959 3444 1105 3534 infigere
1121 3474 1235 3516 sensus

265 3545 405 3611 Venturi
421 3544 542 3631 populi,
558 3544 585 3609 si
600 3545 713 3621 voluit,
730 3545 861 3631 potuit?

220 3643 308 3709 Nam
324 3668 398 3709 cum
413 3643 592 3709 carceribus
607 3642 731 3709 vinctas
746 3644 944 3709 concluserat
958 3653 1057 3722 artes,

265 3746 377 3829 Atque
393 3743 508 3807 Fidem
524 3766 648 3808 servam
663 3743 785 3808 l'ecerat
799 3766 867 3808 csse
883 3740 962 3807 sibi:

222 3842 311 3926 Quid
326 3843 440 3919 uetuit,
457 3841 484 3907 si
500 3864 580 3925 quas
595 3843 655 3908 sibi
671 3866 762 3929 posse
777 3864 891 3908 nocere
905 3852 1047 3927 putaret,

264 3943 338 4006 Aut
352 3941 500 4028 prodesse
516 3965 639 4026 purum,
655 3943 734 4025 quin
745 3942 911 4028 jugularet
925 3942 1003 4005 eas?

219 4042 279 4107 Pr.
306 4040 360 4107 Sic
375 4040 462 4106 fecit.
486 4039 521 4103 N
523 4063 575 4104 am
590 4041 694 4124 qualis
709 4054 778 4108 erat
793 4041 938 4106 doctrina
953 4062 1013 4124 per
1027 4043 1149 4109 orbem

266 4138 382 4226 Sparsa
395 4162 415 4203 a
429 4138 621 4217 Lombardo,
637 4163 711 4223 quae
726 4142 932 4223 tenebraeque
949 4136 1052 4218 Secti,

221 4238 312 4320 Quos
327 4248 540 4324 praeceptores
555 4237 668 4303 habuit
682 4238 790 4303 schola
810 4236 998 4303 l'arisiensis

262 4336 407 4404 Primosl
452 4337 587 4403 Illorum
601 4338 703 4423 gloria
717 4338 812 4403 durat
826 4337 938 4402 adhue
1201 4346 1275 4408 1870

218 4440 284 4503 Sco.
308 4438 417 4513 Fama,
433 4460 545 4523 quarum
560 4460 636 4501 sana
649 4462 693 4514 cs,
709 4438 898 4502 tantundem
913 4436 1020 4503 dando
1036 4440 1210 4527 sophistis,

262 4536 329 4619 Qui
345 4537 464 4603 virtute
479 4546 598 4614 carent,
615 4537 825 4623 insipidisque
841 4538 926 4613 viris,
