2656 5136
124 644 197 710 360
541 658 743 713 ursrorus

120 824 182 887 Pr.
207 818 372 903 Quaeritur
384 819 446 887 hoc
458 829 561 889 recte:
577 844 692 909 nempe
706 822 767 889 huc
779 822 863 889 lutet
875 825 999 913 anguis
1013 826 1054 893 in
1063 824 1178 895 herb:

167 921 255 987 Fons
269 930 339 986 erat
352 920 405 987 hic
418 921 521 988 nostri
534 922 791 1009 principiumque
804 923 893 989 mali.

123 1020 207 1086 Nam
222 1019 341 1085 Graecis
354 1025 476 1106 sapim
489 1020 585 1087 simul
597 1044 636 1087 ac
648 1021 770 1088 virtuts
792 1022 946 1089 temnus

166 1121 286 1206 Septem
300 1119 443 1205 praeclan·
457 1142 573 1187 nomen
586 1120 716 1187 honoris
730 1129 809 1198 erat,

123 1218 264 1304 Inooepit
278 1217 397 1295 multis,
412 1218 530 1304 quibus
542 1219 610 1285 otia
622 1218 803 1306 suppetiers

166 1317 725 1406 Libertasqueanimi‚Philosophis
736 1319 807 1385 ooli.
1121 1326 1184 1391 466

125 1418 288 1483 Mundum
302 1416 346 1495 hi,
361 1440 427 1483 non
440 1417 538 1485 libros
551 1419 721 1507 legerunt:
744 1418 945 1506 ingenioque

167 1514 307 1601 Incoepit
320 1537 429 1581 causas
443 1537 586 1601 querere
599 1516 737 1602 quisque
750 1538 819 1595 suo,

124 1612 258 1681 Nullius
272 1614 418 1681 addictus
427 1616 537 1702 jurare
550 1615 586 1681 in
599 1618 697 1683 verba
709 1616 865 1704 magistri.

170 1714 264 1782 Solus
279 1715 364 1780 enim
378 1715 428 1781 his
442 1716 552 1803 primis
565 1716 682 1782 author
695 1726 765 1782 erat
777 1716 868 1783 ratio.

126 1815 265 1880 Horum¹
278 1815 440 1903 Epicurus
453 1825 532 1893 erat
547 1814 654 1894 Plato,
670 1815 766 1893 Zeno,
780 1815 1079 1906 Democritusqus,

169 1913 308 2002 Pyrrho,
324 1914 528 1993 Aristoteles,
541 1914 648 1982 nescio
662 1925 808 2001 quotque
822 1915 878 1981 alii
892 1942 902 1982 ε

127 2013 227 2101 Digni
242 2014 335 2080 lande
349 2013 421 2091 viri,
436 2036 574 2099 quorum
587 2013 744 2100 supientia
752 2013 841 2101 juvit

170 2113 358 2178 Humanum
373 2112 476 2179 mults
488 2112 713 2180 commoditate
726 2135 837 2200 genus.

126 2211 246 2297 Hujus,
261 2222 334 2298 post
348 2211 429 2290 illos,
442 2211 574 2278 devenit
586 2210 689 2299 gloria
701 2211 805 2277 laudis

169 2311 227 2377 Ad
242 2320 404 2397 quotquot
417 2309 728 2397 primoshidoeuere
743 2310 836 2377 viros.
1124 2320 1190 2383 41⁰

127 2409 199 2476 Hos
214 2420 322 2476 tamen
336 2409 465 2494 equales
479 2432 520 2474 ue
534 2410 644 2476 credas
657 2432 726 2476 esse
739 2408 902 2497 magistris
913 2433 923 2486 ;

169 2508 305 2597 Ingenio
320 2509 471 2595 quoniam
485 2532 550 2574 non
565 2533 697 2596 sapuere
712 2533 778 2575 suo.

127 2607 192 2674 His
206 2618 426 2674 successerunt
440 2607 504 2685 alii,
519 2632 630 2674 verum
645 2609 827 2683 inferiores3

170 2709 287 2793 Atque
301 2718 385 2773 artes
399 2708 487 2774 lento
501 2708 546 2773 sic
560 2709 682 2794 periere
696 2709 784 2795 pede.

126 2807 330 2893 Philosophis
344 2807 400 2872 sed
413 2807 513 2872 honos
526 2806 656 2874 habitus
670 2831 734 2873 nou
749 2806 897 2872 omnibus
911 2805 1002 2874 idem
1018 2821 1076 2876 est

170 2907 207 2972 A
227 2907 370 2983 cunctis3
393 2930 495 2972 unum
510 2907 562 2972 hie
573 2908 725 2991 praetulit,
742 2906 795 2971 ille
809 2905 919 2970 alium.

126 3007 174 3073 Et
187 3007 335 3072 distinxit
350 3027 405 3072 eos
418 3029 533 3072 nomen
549 3006 741 3090 quandoque
755 3003 910 3090 magistri,

169 3106 216 3172 Et
231 3107 422 3191 quandoque
437 3105 562 3183 scholae,
579 3128 644 3190 quo
658 3106 793 3170 docuere
808 3104 886 3169 loco.

127 3205 215 3272 Hinc
232 3206 319 3282 Stoa,
335 3216 369 3271 et
382 3206 457 3271 hinc
471 3205 652 3291 Peripstus,
667 3204 840 3269 multarum
854 3202 1102 3293 haemsiumquc

170 3306 277 3374 Obvia
290 3317 366 3371 sunt
380 3306 482 3371 veteri
496 3305 627 3370 nomina
640 3305 673 3369 in
688 3303 828 3370 historia.
1124 3316 1192 3375 420

126 3407 192 3471 Sec.
216 3404 370 3482 Haeresis,
384 3428 449 3482 oro,
467 3405 631 3489 quidest?
675 3403 763 3468 Nam
777 3425 827 3468 me
842 3401 990 3469 convicia
1004 3414 1148 3475 tantum

169 3505 333 3571 Fecerunt
345 3528 497 3592 magnum
512 3505 632 3570 crimen
648 3515 684 3569 ut
700 3527 768 3569 esse
782 3513 901 3589 putem.

126 3606 186 3670 Pr.
211 3605 389 3671 Doctorum
404 3604 490 3670 docti
504 3627 651 3692 pugnans
666 3626 739 3669 cum
753 3603 901 3689 dogmate
916 3601 1052 3689 dogma,

171 3705 313 3771 Haeresis
327 3729 347 3770 a
361 3706 474 3770 Graeca
488 3714 585 3790 gente
599 3713 711 3769 vocata
725 3702 798 3767 suit

127 3806 191 3869 Sec.
216 3806 316 3890 Cujus
330 3815 408 3881 erat,
425 3827 543 3889 quasso,
559 3803 639 3889 legis
654 3802 809 3868 violatio?
831 3808 923 3874 natan,

171 3903 323 3981 Haeresis,
338 3927 379 3968 nu
393 3903 528 3989 positae?
573 3901 705 3969 Crimen
719 3912 757 3966 ut
772 3922 839 3965 esse
854 3896 976 3962 sciam?

128 4007 186 4069 Pr.
209 4003 245 4068 N
246 4004 378 4069 eutrius.
419 4003 517 4067 Errat
530 4002 624 4068 homo
640 4001 717 4085 quia
729 4022 823 4066 nemo
838 3998 999 4063 libenter:
1026 4014 1066 4068 et
1081 4008 1193 4074 omnis

169 4103 289 4170 Libera
303 4103 387 4189 apud
403 4101 535 4168 Graecos
549 4100 748 4188 philosophia
762 4099 836 4164 fuit.

128 4201 177 4267 Hi
191 4211 418 4269 converterunt
432 4201 583 4287 pietatem
598 4201 631 4264 in
646 4197 850 4284 theiologiam

170 4302 283 4380 Primi,
298 4311 483 4388 spernentes
498 4301 593 4366 tertia
607 4302 704 4366 verba
718 4298 803 4363 Der.
1125 4306 1195 4369 430

163 4503 274 4575 ¹[Vide
309 4504 485 4567 Lus-rtrum,
513 4502 633 4572 Argiue,
705 4498 1036 4574 '[Vidthosslrrcsr.]

128 4606 155 4658 p.
167 4591 220 4640 666
232 4596 258 4641 et
269 4604 338 4658 seq:
352 4586 453 4651 latine,
463 4603 488 4656 p.
500 4582 573 4652 646]
