2656 5136
208 582 281 649 282
620 594 844 648 urrsruuu.

26 774 162 886 fem
206 763 254 837 ab
281 785 325 836 ea
346 771 472 859 potest
495 762 679 852 mulctari,
704 761 872 859 quamsi
897 759 1035 834 leutius
1063 761 1262 858 procedat.

26 909 165 942 -Ὗ-ν
206 875 370 971 Ideoque
386 898 462 948 nou
480 876 615 949 mirum
631 887 687 948 est
705 873 806 972 quod
831 886 1005 970 expertus
1030 873 1080 947 sit
1101 874 1263 970 globum

206 988 430 1084 plumbeum,
457 988 619 1062 maxima
639 988 677 1062 vi
707 988 871 1084 sclopeto
901 987 1087 1074 emissum,
1120 1012 1263 1086 aquam

205 1100 351 1196 ingredi
368 1101 407 1173 in
424 1100 631 1175 elevatione
648 1100 811 1198 quinque
833 1100 1034 1196 graduum:
1061 1101 1150 1196 quia
1165 1113 1262 1176 tunc

206 1214 303 1288 forte
332 1238 408 1287 non
436 1215 630 1290 millesima
661 1226 767 1311 purte
801 1238 878 1288 suae
906 1213 1113 1286 velocitatis
1149 1228 1262 1310 parte

206 1326 467 1400 mulctabatur.

257 1440 413 1535 Affingit
430 1438 521 1514 mihi
538 1451 679 1536 postea.
697 1437 799 1534 quod
823 1438 1076 1534 supposuerim
1106 1462 1262 1514 omnem

204 1555 388 1649 jacturam
419 1550 624 1627 velocitatis
654 1551 944 1648 computandam
973 1551 1121 1625 esseio
1150 1566 1262 1628 motu

209 1666 398 1739 deorsum:
424 1665 505 1739 dixi
521 1665 621 1739 enim
642 1664 950 1749 constantissime,
967 1665 1262 1760 computandam

208 1801 288 1852 esse
305 1779 343 1851 iu
361 1790 441 1852 toto
458 1792 564 1852 motu
580 1778 796 1876 simpliciter
813 1790 970 1874 sumpto.
1011 1778 1150 1852 Modus
1167 1804 1261 1854 vero

209 1916 281 1988 quo
291 1892 370 1987 ipse
381 1893 501 1966 utitur
512 1891 562 1965 ad
575 1890 809 1965 refractionis
822 1915 972 1965 causam
985 1891 1260 1988 explicandam,

207 2005 266 2077 vel
294 2030 339 2079 ex
363 2029 406 2078 eo
433 2018 539 2101 patet
565 2029 641 2078 non
668 2027 748 2078 esse
774 2017 983 2095 accuratus,
1000 2004 1103 2099 quod
1126 2019 1261 2102 aperte

207 2130 350 2214 pugnet
361 2142 445 2192 cum
457 2142 501 2192 eo
513 2117 615 2215 quod
623 2117 774 2191 admisit
786 2130 831 2191 ut
844 2118 890 2191 ab
900 2119 1019 2192 amico
1029 2142 1096 2192 suo
1105 2117 1262 2194 demon-

208 2244 384 2305 stratum:
402 2255 547 2328 nempe,
562 2255 643 2305 esse
660 2232 699 2304 in
713 2229 935 2305 refractione
952 2244 995 2304 ut
1007 2231 1108 2305 sinus
1126 2234 1261 2329 auguli

207 2346 458 2418 inclinationis
474 2345 583 2419 unius
599 2343 648 2417 ad
666 2344 786 2417 sinum
803 2344 929 2439 auguli
943 2343 1193 2418 inclinationis
1208 2347 1261 2420 al·

208 2457 335 2547 terius,
354 2460 408 2530 ita
425 2456 546 2529 sinum
563 2456 689 2552 anguli
702 2456 851 2529 refracti
869 2457 907 2528 iu
926 2481 1000 2529 una
1016 2457 1263 2532 inclinatione

209 2570 257 2643 ad
269 2571 390 2643 sinum
408 2568 532 2664 auguli
546 2568 696 2641 refracti
709 2568 747 2641 in
762 2568 889 2641 altera.
925 2571 1082 2665 Exurgit
1095 2572 1199 2642 enim
1214 2598 1262 2646 ex

210 2684 288 2777 ejus
306 2683 648 2778 parallelogrammo
661 2681 767 2776 plane
786 2682 868 2767 alia,
883 2682 1082 2780 etquidem
1096 2685 1262 2759 maxime

89 2791 93 2801 ’
209 2794 445 2883 irrationalis,
463 2794 561 2868 inter
577 2795 678 2867 sinus
695 2796 897 2890 proportio.

260 2909 456 3003 Reliquum
466 2906 629 3003 epistolae
645 2905 810 2980 nondum
825 2906 912 2996 vidi,
926 2932 995 2980 uec
1010 2908 1092 2981 ideo
1108 2932 1263 3004 possum

209 3022 445 3118 respondere.

510 3134 614 3220 Sum,
627 3133 843 3207 Reverende
861 3135 980 3223 Pater,

358 3262 490 3322 vestrae
508 3248 725 3322 reverentiae
743 3248 1000 3321 devotissimus
1018 3248 1178 3323 famulus

974 3386 1058 3459 Dus
1080 3387 1262 3464 Caurus.

425 3681 664 3734 HOBBESIUS
685 3683 740 3734 ΑΙ)
760 3682 1044 3736 MERSENNUM.

311 3848 629 3923 Reverendissime
648 3849 769 3938 Pater,

262 3962 373 4038 Quod
399 3986 443 4035 ea
467 3985 549 4057 quae
569 3962 749 4058 superiori
776 3963 955 4059 epistola*
974 3977 1038 4036 tuo
1060 3966 1165 4058 jussu
1190 3967 1263 4042 tibi

210 4077 352 4172 scripsi,
387 4074 537 4149 domino
566 4076 764 4149 Descartes
793 4077 914 4149 minus
944 4077 1143 4165 arrideant,
1176 4081 1263 4174 plu-

209 4192 344 4264 rimum
376 4189 501 4262 doleo:
535 4200 617 4262 tum
643 4190 743 4286 qnod
769 4193 959 4286 ingenium
995 4193 1074 4285 ejus
1107 4192 1263 4288 plurimi

209 4304 363 4394 aestimo,
381 4314 462 4377 tum
484 4303 583 4399 quod
605 4305 745 4377 nullam
762 4305 944 4377 rationem
963 4305 1084 4377 adhuc
1109 4307 1262 4382 invenio

459 4569 475 4603 ³¹
499 4569 571 4628 This
585 4570 687 4646 cpistle
702 4590 822 4647 uppcurs
837 4582 866 4627 to
880 4571 916 4629 be
930 4570 993 4627 lost.
