2656 5136
219 657 243 722 8
467 672 667 731 BOSB'I'UM
686 672 1012 731 unouurmcuu.

53 866 167 907 raoni.
274 837 566 915 Comectarium.
592 840 703 919 Sinus
718 840 1118 939 versusssograduum
1128 863 1261 939 nempe

11 934 177 1037 &W
219 952 289 1025 GX
312 953 372 1027 vel
391 951 452 1042 Al,
470 977 545 1027 una
567 977 654 1028 cum
675 954 885 1029 differentia
905 955 1004 1029 inter
1028 954 1152 1051 majus
1181 976 1262 1051 seg-

79 1065 144 1104 ¹⁰⁰¹⁸
159 1063 200 1103 Ψ·
220 1078 385 1140 mentum
403 1077 440 1140 et
468 1068 668 1158 semilatus,
687 1092 819 1165 nempe
837 1068 893 1166 ly,
911 1068 1062 1165 aequalis
1080 1078 1139 1141 est
1153 1090 1262 1164 quar-

218 1191 266 1254 tae
293 1181 392 1275 parti
422 1180 549 1254 lateris
566 1181 648 1255 AD.
699 1181 793 1257 Cum
818 1181 919 1255 enim
938 1179 1089 1265 MB‚Bl
1103 1181 1263 1276 aquata

218 1294 292 1366 sint
308 1293 371 1382 EI,
389 1293 457 1380 XI,
475 1307 632 1391 utraque
651 1295 819 1392 utrique:
843 1295 916 1369 erit
930 1292 992 1369 Ml
1011 1293 1166 1391 aequalis
1182 1294 1262 1369 EX

218 1405 352 1478 Divisis
379 1429 468 1502 ergo
486 1406 563 1493 AB,
586 1406 653 1480 BD
679 1406 849 1480 bifariam
878 1407 916 1480 in
941 1432 967 1481 u
996 1420 1036 1481 et
1060 1406 1096 1495 b,
1118 1408 1193 1482 erit
1216 1406 1263 1481 ba

218 1518 367 1614 aqualis
391 1517 457 1593 EI.
514 1519 641 1594 Quare
665 1518 709 1594 al
728 1520 880 1616 aqualis
909 1533 969 1594 est
992 1520 1058 1617 ly:
1085 1532 1124 1595 et
1146 1520 1263 1594 amba

11 1056 70 1103 dnn

218 1632 326 1704 simul
355 1631 406 1704 Al
427 1645 465 1705 et
490 1631 531 1705 lu
560 1632 721 1729 aequales
744 1643 834 1707 suut
860 1632 934 1723 Aa,
949 1656 1035 1731 quae
1058 1645 1117 1708 est
1132 1646 1263 1731 quarta

216 1769 302 1841 pars
318 1745 443 1818 lateris
459 1744 540 1819 AD.

631 2254 772 2331 PROP.
799 2256 847 2330 ΙΙ.

218 2436 333 2509 Danu
352 2457 427 2506 uno
444 2444 635 2528 segmento
648 2443 759 2505 rectae
776 2431 904 2507 dirisae
916 2443 1083 2506 extrema
1092 2443 1131 2506 et
1142 2432 1260 2507 media

219 2549 375 2635 ratione,
393 2545 560 2619 invenire
576 2545 746 2618 alterum.

268 2661 327 2734 Sit
344 2659 432 2732 data
449 2671 552 2732 recta
569 2658 636 2731 AB
653 2669 884 2752 segmentum
909 2657 1029 2752 majus
1056 2670 1171 2732 rectae
1198 2682 1259 2731 cu·

213 2775 433 2871 juscunque.
480 2773 635 2845 Secetur
652 2771 719 2844 AB
732 2769 901 2844 bifariam
915 2771 953 2842 in
968 2770 1013 2843 Ι).
1066 2772 1115 2844 Et
1133 2786 1260 2846 centus

217 2887 264 2977 D,
281 2885 476 2960 intervallo
489 2885 557 2958 ΑΙ)
575 2884 806 2958 describatur
818 2885 978 2958 circulus
995 2885 1136 2957 AFBE.
1188 2886 1260 2960 De·

217 2999 303 3074 inde
321 2998 368 3073 ad
385 3012 566 3095 punctum
583 2998 618 3071 A
634 3008 759 3071 erecta
776 2997 824 3071 sit
847 2996 1165 3095 perpendicularis
1184 2999 1258 3087 AC,

216 3113 367 3211 aequalis
386 3112 483 3186 datae
500 3111 579 3185 AB.
630 3112 678 3183 Et
705 3110 861 3184 ducatur
884 3134 951 3206 per
974 3124 1144 3183 centrum
1163 3113 1197 3186 D
1214 3112 1260 3185 ad

215 3226 462 3326 peripheriam
491 3249 693 3299 concavam
720 3225 796 3314 ΟΕ,
825 3224 885 3299 cui
912 3224 960 3298 sit
982 3224 1083 3297 facta
1110 3226 1260 3322 aequalis

268 3455 361 3529 Dico
380 3466 497 3526 totam
515 3452 582 3525 AG
595 3450 749 3524 eandem
768 3450 902 3522 babere
921 3449 1102 3523 rationem
1120 3449 1169 3524 ad
1182 3451 1258 3540 AB,

217 3592 328 3666 quam
343 3567 457 3639 habet
474 3565 540 3639 AB
557 3563 605 3638 ad
624 3565 697 3638 BG.
752 3563 938 3637 Quoniam
964 3562 1062 3636 enim
1093 3572 1176 3660 (per
1201 3574 1258 3638 36.

217 3682 333 3757 Elem.
352 3680 407 3772 iii)
428 3691 484 3753 est
499 3691 544 3751 ut
559 3678 622 3751 BC
634 3677 683 3751 ad
700 3678 771 3763 EF,
784 3677 837 3750 ita
854 3674 917 3748 EF
933 3675 980 3748 ad
994 3676 1065 3764 BC,
1083 3678 1155 3750 erit
1173 3703 1259 3774 quo·

187 3864 190 3868 .
218 3819 289 3890 que
315 3805 359 3865 ut
378 3791 454 3878 AG,
482 3790 632 3886 aequalis
655 3789 725 3886 ipsi
748 3789 822 3879 BC,
848 3788 898 3861 ad
914 3789 980 3862 AB
997 3790 1175 3885 aequalem
1192 3791 1260 3888 ipsi

218 3907 289 3994 BF,
307 3906 360 3978 ita
377 3905 444 3977 AB
461 3904 510 3977 ad
535 3904 598 3977 BG
614 3902 792 3999 aequalem
819 3901 889 3998 ipsi
915 3901 986 3975 FC.
1039 3902 1177 3993 Quare,
1195 3928 1261 4002 per

217 4019 469 4093 definitionem
488 4030 663 4091 extremae
680 4028 719 4090 et
744 4015 876 4089 mediae
893 4015 1057 4101 rationis,
1073 4030 1179 4090 recta
1195 4018 1261 4091 AG

217 4133 336 4206 divisa
352 4143 408 4204 est
425 4142 589 4204 extrema
605 4144 644 4203 et
660 4127 782 4203 media
794 4129 938 4202 ratione
954 4130 992 4202 in
1010 4144 1151 4226 puncto
1172 4132 1214 4204 B.

268 4248 409 4320 Rursus
432 4244 482 4317 sit
510 4244 575 4317 BG
603 4254 834 4339 segmentum
864 4243 985 4316 minus
1010 4245 1261 4341 cujuscunque

216 4374 341 4432 rectae.
386 4357 541 4431 Secetur
558 4357 622 4430 BG
636 4355 723 4428 data
737 4354 905 4429 bifariam
922 4356 960 4428 in
977 4355 1021 4428 C.
1064 4357 1113 4428 Et
1131 4371 1260 4432 centro

218 4472 261 4561 C,
282 4471 475 4546 intervallo
505 4470 570 4543 CB
600 4470 831 4543 describatur
856 4470 1015 4543 circulus
1043 4471 1163 4545 BMG.
1217 4473 1260 4545 ln

218 4589 322 4684 cujus
340 4584 636 4661 circumferentia
651 4596 798 4680 sumpto
815 4583 1019 4680 quadrante
1043 4585 1130 4677 BM,
1149 4586 1261 4660 duca-
