2656 5136
256 808 330 882 ΑΙ)
357 808 622 884 LECTOREM
642 809 1008 886 ALGEBRISTAM.

109 1129 379 1227 Controversia
391 1143 524 1206 nostrae
536 1133 607 1207 hoc
623 1135 707 1208 loco
723 1133 876 1231 legibus,
894 1134 927 1209 si
943 1134 1011 1209 tibi
1028 1134 1213 1231 placeant,

67 1268 179 1362 paucis
208 1269 401 1364 imponam
428 1269 552 1342 finem.
604 1269 759 1345 Quaeras
782 1270 904 1360 velim,
930 1271 1062 1368 primo,
1085 1283 1213 1344 utrum

66 1402 165 1475 series
182 1401 438 1498 quantitatum
454 1403 662 1500 aequalium,
680 1403 738 1477 vel
755 1404 794 1478 in
811 1405 954 1480 ratione
970 1405 1093 1503 aliqua
1109 1417 1214 1480 certa

66 1533 195 1623 eadem,
227 1535 290 1608 vel
322 1534 521 1632 duplicata,
550 1535 737 1632 triplicata
770 1549 843 1610 etc.
874 1537 1130 1628 crescentium,
1163 1537 1215 1612 sit

65 1669 245 1763 quantitas
267 1669 375 1742 finita
394 1693 442 1743 an
467 1669 623 1743 infinita.
676 1669 715 1744 Si
738 1669 921 1745 infinitam
943 1669 1140 1785 inveneris,
1156 1693 1215 1746 se-

64 1801 176 1875 cundo
203 1803 288 1876 loco
315 1792 468 1900 quaeras,
495 1814 621 1877 utrum
649 1804 766 1901 possit
794 1803 858 1878 illa
888 1804 1024 1879 habere
1053 1804 1215 1903 aliquam

64 1936 240 2010 rationem
258 1935 306 2010 ad
319 1936 565 2032 quantitatem
582 1936 737 2011 finitam.
771 1936 899 2010 Tertio
916 1960 1071 2034 quaeras,
1088 1947 1216 2013 utrum

64 2069 153 2144 linea
182 2070 243 2144 vel
274 2069 348 2143 alia
376 2070 594 2167 magnitudo
624 2095 701 2145 non
733 2070 782 2145 sit
811 2095 928 2169 capax
957 2071 1147 2146 divisionis
1175 2072 1216 2147 iu

65 2227 201 2301 semper
227 2203 436 2293 divisibilia,
460 2204 535 2277 sive
561 2228 608 2277 an
636 2204 759 2301 aliqua
783 2206 971 2302 quantitas
996 2205 1111 2303 possit
1136 2228 1216 2280 esse

65 2338 199 2411 infinite
218 2337 365 2432 exigua.
417 2337 456 2410 Si
481 2338 665 2411 inveneris
691 2337 938 2434 quantitatem
964 2363 1111 2413 omnem
1136 2363 1216 2415 esse

66 2493 202 2569 semper
220 2468 457 2556 divisibilem
476 2482 515 2544 et
532 2471 664 2545 seriem
683 2472 930 2568 quantitatum
947 2474 1143 2572 aequalium
1157 2472 1218 2548 vel

67 2629 202 2703 semper
220 2604 466 2678 crescentium
484 2605 674 2701 aequaliter
686 2605 745 2678 vel
761 2605 799 2679 in
819 2605 1008 2703 duplicata
1019 2608 1078 2682 vel
1097 2607 1218 2705 tripli·

67 2753 142 2815 cata
175 2741 323 2814 ratione
357 2762 436 2813 esse
471 2740 717 2837 quantitatem
751 2741 945 2834 infinitam,
976 2767 1047 2817 nec
1080 2743 1217 2818 habere

67 2876 241 2950 rationem
266 2872 317 2947 ad
334 2873 575 2971 quantitatem
600 2874 755 2965 finitam,
781 2899 849 2950 nec
874 2901 955 2951 esse
972 2878 1218 2974 quantitatem

68 3011 173 3084 ullam
208 3009 355 3083 infinite
386 3009 576 3104 exiguam:
607 3008 789 3083 concedes
819 3022 862 3083 tu
886 3010 977 3084 mihi
1011 3009 1219 3085 doctrinam

67 3142 314 3218 Wallisianam
337 3139 385 3214 de
403 3132 652 3215 Arithmetico
677 3141 922 3237 Irfinitorum,
949 3153 987 3216 et
1012 3142 1218 3217 doctrinam

68 3279 224 3375 ejusdem
249 3277 298 3351 de
321 3275 430 3349 Mota
453 3299 570 3372 nuper
594 3275 729 3350 editam
753 3287 1010 3374 contraquam
1031 3277 1128 3353 infra
1145 3278 1219 3352 dis-

68 3415 200 3510 putavi,
225 3414 373 3486 inanem
402 3421 439 3484 et
463 3409 592 3483 falsam
611 3434 704 3499 esse,
722 3421 763 3484 ut
780 3433 889 3507 super
906 3411 986 3485 haec
1011 3412 1218 3489 fundatam.

69 3549 126 3624 Sin
144 3550 259 3624 series
272 3545 392 3619 omnis
406 3545 656 3642 quantitatum
672 3544 880 3643 aequalium,
898 3546 956 3620 vel
973 3547 1218 3622 crescentium

67 3694 105 3756 ut
120 3706 245 3780 supra,
259 3680 308 3753 sit
324 3678 449 3762 finita;
468 3677 527 3751 vel
544 3677 639 3750 ratio
657 3677 758 3751 nulla
770 3677 819 3751 sit
834 3678 989 3753 infinitae
1003 3679 1220 3776 quantitatis

66 3817 108 3890 ad
124 3817 293 3898 finitam;
319 3811 379 3885 vel
397 3810 553 3908 denique
570 3811 601 3885 si
619 3813 806 3908 quantitas
822 3813 942 3887 omnis
964 3836 1040 3888 non
1061 3815 1110 3887 sit
1126 3813 1219 3887 divi·

66 3951 173 4024 sibilis
191 3949 232 4022 in
250 3968 395 4041 semper
410 3942 616 4033 divisibilia,
629 3942 748 4018 victus
764 3944 834 4019 tibi
851 3969 921 4043 ego
939 3945 1080 4020 cedam.
1115 3946 1220 4036 Vale,

65 4097 98 4160 et
114 4084 297 4159 meditare
316 4080 406 4153 haec.

330 4373 391 4431 AD
411 4371 644 4432 LECTOREM
665 4371 949 4432 GEOMETRAM.

245 4507 326 4565 Hine
340 4506 394 4564 tibi
409 4524 495 4581 carpe
508 4524 611 4576 rosam,
626 4505 717 4564 lector
731 4505 867 4576 studiose,
883 4515 1039 4565 recentem.

365 4620 514 4680 Candidus
527 4621 664 4682 olfacias:
685 4620 876 4681 Wallisianus
890 4622 966 4682 edat.

1050 4726 1073 4776 B
1089 4727 1104 4770 2
