2656 5136
322 692 376 743 nn
404 690 687 743 uraaarnraus
716 688 849 743 rnocr.
1037 677 1110 742 335

65 858 132 924 Tot
146 867 284 934 mortes;
308 867 341 924 et
355 858 410 923 fila
423 858 517 923 timet
531 856 704 943 pendentia
718 856 804 934 vita,

5 958 39 1017 30
65 957 119 1023 Ne
135 958 207 1042 quis
221 957 357 1023 lascivus
373 967 459 1023 secet
472 957 662 1042 injussuque
676 978 828 1022 sororum.

65 1057 243 1140 Postquam
258 1056 306 1121 bis
321 1066 452 1122 centum
466 1058 526 1122 sub
538 1066 655 1122 terram
670 1055 797 1121 circiter
811 1055 904 1119 ulnas

65 1156 193 1220 Mersus
208 1155 404 1232 substiterat,
420 1155 596 1240 funemque
607 1153 789 1220 tetenderat
803 1176 939 1231 omnem,

68 1255 189 1339 Satque
204 1255 260 1318 diu
274 1264 366 1320 tenso
380 1254 420 1320 dc
435 1254 513 1319 fune
527 1253 733 1341 pependerat,
749 1264 842 1319 antro

65 1353 266 1431 Extrahitur,
279 1354 395 1440 cupido
410 1353 498 1419 heroi
513 1375 663 1438 responsa
677 1353 820 1418 daturus

65 1454 192 1519 Verum
207 1454 274 1518 sive
288 1463 393 1519 metus
408 1462 548 1518 mentem
562 1463 804 1538 expugnaverat
822 1450 953 1537 ingens3

67 1553 142 1620 Sive
158 1553 241 1619 celer
256 1563 363 1617 motus
378 1551 456 1617 torti
470 1551 631 1638 vertigine
645 1551 733 1616 funis

66 1653 242 1718 Immodica
257 1652 335 1717 solio
350 1651 506 1716 rationem
521 1660 705 1716 excusserat
725 1651 810 1726 alt03

69 1752 144 1819 Sive
159 1752 259 1816 Erebi
273 1751 340 1816 sive
355 1751 424 1836 ipsa
438 1750 488 1815 sui
499 1751 568 1836 jam
583 1761 708 1836 spectra
721 1749 845 1815 timoris

67 1851 193 1915 Pallida
207 1860 407 1927 terruerant3
431 1850 498 1916 sive
513 1872 617 1915 arcem
632 1848 750 1914 mentis
764 1851 886 1916 abacta

5 1954 42 2013 40
70 1950 210 2037 Spiritus
224 1949 342 2015 inferni
356 1949 532 2035 possiderat
546 1949 709 2035 improbus
725 1946 802 2015 Orci
814 1973 822 2025 ;

69 2049 168 2113 Haud
183 2049 279 2113 dubie
294 2049 374 2115 furit
389 2048 510 2114 infelix.
559 2047 613 2114 Sic
627 2046 750 2113 lumina
763 2058 857 2114 torva

66 2149 282 2232 Mutatusque
297 2149 392 2225 color,
407 2148 518 2234 pallor,
534 2156 663 2224 tremor,
679 2147 787 2212 omnia
801 2156 988 2213 monstrant

67 2249 156 2333 Ergo
170 2247 227 2313 ubi
242 2270 306 2312 non
320 2248 471 2333 cuiquam
485 2246 650 2313 intellecta
663 2246 861 2333 profuderat,
877 2256 911 2312 et
925 2268 999 2331 quae

66 2347 236 2431 AEquabat
249 2346 373 2433 magnis
388 2345 558 2412 sententia¹
573 2344 664 2410 nulla
681 2344 856 2432 prophetis,

68 2445 244 2522 Conticuit,
261 2445 440 2531 Manesque
455 2445 522 2511 dies
536 2456 610 2532 post
624 2454 697 2511 octo
711 2443 845 2511 revisit¹.

68 2548 116 2610 At
132 2545 258 2623 Comes,
274 2546 383 2612 audito
399 2568 464 2631 quo
479 2544 633 2632 pertinet³
648 2566 752 2629 usque
766 2567 911 2621 caverna,

67 2645 214 2722 Horruit,
230 2655 264 2711 et
278 2645 358 2733 (non
371 2645 440 2722 hac,
457 2667 563 2731 neque
577 2666 664 2710 nunc
678 2644 859 2732 subiturus)
872 2643 986 2711 abivit.

67 2746 156 2810 Hinc
171 2756 300 2810 centum
315 2769 426 2831 passus
440 2745 545 2810 decies
559 2767 773 2822 numeramus,
789 2755 823 2810 ct
837 2766 910 2811 ecee

67 2843 108 2907 In
124 2844 207 2909 valle
221 2844 347 2909 occulta
360 2843 520 2910 radicibus
535 2843 627 2909 exilit
641 2842 714 2908 imis

5 2951 43 3010 50
68 2942 234 3008 Graminei
249 2942 337 3008 collis
351 2943 479 3028 gemino
494 2942 578 3007 fons⁴
593 2964 648 3007 ore
664 2941 822 3027 perennis.

69 3042 176 3124 Quem
191 3041 342 3125 quoniam
357 3041 504 3106 immensi
518 3040 678 3106 mirandos
693 3039 831 3124 aequoris
845 3049 944 3106 aestus

67 3140 197 3205 Ludere
212 3139 246 3203 in
260 3139 378 3226 exigua
391 3139 477 3204 fama
492 3139 705 3203 affirmaverat
718 3138 814 3215 unda,

68 3239 187 3305 Visum
201 3247 251 3303 cst
265 3236 487 3324 (quantumvis
502 3236 625 3302 Phoebo
640 3236 848 3324 properante)
861 3235 977 3303 morari

67 3338 245 3425 Paulisper,
261 3337 288 3403 si
302 3336 386 3402 forte
401 3336 529 3423 aquulae
544 3335 697 3401 miracula
711 3335 807 3401 detur

69 3439 226 3524 Aspicere
241 3436 387 3514 admotis,
403 3446 437 3502 et
450 3435 543 3501 famae
557 3435 694 3501 testibus
709 3457 786 3501 esse

69 3541 152 3622 Quae
167 3540 278 3606 vitreis
292 3539 407 3605 ebullit
420 3539 514 3624 aquis
534 3537 672 3604 tremula
685 3537 781 3616 unda,
797 3537 932 3603 duarum

69 3638 185 3724 Major,
201 3638 469 3725 splendidiorque,
486 3647 520 3704 et
533 3659 667 3724 poscens
682 3636 747 3702 sola
762 3636 873 3714 videri,

69 3737 241 3823 Excipitur
256 3747 363 3824 puteo,
379 3737 511 3803 structis
525 3759 590 3803 non
605 3734 841 3823 aequiparando,

73 3834 136 3900 Sed
151 3837 208 3919 qui
223 3837 357 3902 fortuito
373 3837 489 3922 quovis
504 3836 646 3903 ornatior
659 3845 734 3902 ortu
748 3845 806 3901 est

5 3944 45 4003 60
72 3932 152 3999 Inde
167 3936 271 3999 soluta
285 3935 366 4013 fluit,
382 3936 444 4001 nisi
459 3959 532 4021 quae
547 3935 648 4000 fundo
663 3935 831 4013 retinetur,

72 4033 157 4097 Lata
170 4034 249 4099 duos
265 4035 399 4112 cubitos,
415 4045 481 4100 tres
495 4036 600 4122 longa,
616 4057 783 4120 unumque
796 4031 964 4121 profunda.

72 4133 185 4197 Unum
200 4131 281 4209 dico,
294 4156 351 4198 suo
367 4134 495 4218 quando
510 4144 661 4199 contenta
674 4134 800 4219 liquore

74 4230 237 4308 Subsidet3
261 4243 295 4296 at
308 4233 409 4310 binos,
426 4234 553 4319 quando
568 4234 693 4320 hospite
707 4234 833 4300 tollitur
846 4232 942 4298 unda.

1040 3632 1065 3663 ὑ

106 4444 113 4474 ¹
128 4442 200 4504 Quia
211 4460 242 4496 ea
251 4443 322 4513 loqui
335 4461 447 4512 quorum
458 4445 532 4498 nulla
540 4455 579 4498 est
649 4433 659 4466 ²
671 4444 796 4497 Mortuus
808 4452 847 4498 est
857 4460 873 4496 a
882 4442 1010 4513 phrenesi.

71 4527 207 4590 sententia,
220 4543 359 4581 commune
377 4536 416 4581 est
429 4535 518 4582 vatum
538 4529 577 4581 in·
647 4530 657 4558 ⁸
671 4527 809 4597 Pertingit,
823 4527 924 4579 scilicet
935 4525 970 4578 ad
983 4523 1087 4579 inferos.

70 4611 289 4680 sapientiumque.
648 4611 740 4664 ‘Fons
753 4619 863 4665 aetuans.
894 4608 991 4663 Mirab.
1011 4625 1035 4661 v.
