2656 5136
211 1236 267 1287 AD
284 1236 532 1290 noBmssutos
549 1237 729 1302 Amosuuu
747 1239 855 1292 VIROS
874 1241 1055 1294 ERUDITOS

266 1404 271 1411 '
358 1403 389 1476 E
418 1400 697 1478 SOCIETATE
725 1404 917 1482 REGALI

161 1601 223 1660 AD
246 1600 479 1663 sctaurtas
498 1601 823 1665 PROMOVENDAS
844 1603 1093 1665 INSTITUTA.

535 1820 734 1830 .-

535 1835 734 1847 ψ

67 1975 359 2052 Pnasrrrrsrrs
379 1976 635 2073 Philosophiae,
648 1979 717 2051 viri
734 1977 962 2069 nobilissimi,
974 2003 1021 2052 ne
1035 1978 1205 2074 cuiquam

67 2124 121 2184 ant
137 2112 308 2185 studium
327 2124 392 2184 aut
409 2134 542 2184 nomen
560 2112 650 2206 ejus,
669 2111 764 2184 sicut
781 2111 880 2199 olim,
897 2111 1057 2184 ludibrio
1076 2111 1124 2183 sit
1147 2110 1205 2183 vel

65 2245 298 2318 inhonestum
316 2244 510 2317 habeatur.
562 2244 755 2317 Infamiam
773 2245 873 2317 illam
889 2245 1067 2342 dignitate
1084 2256 1208 2318 vestra

65 2379 296 2452 abstersistis.
351 2377 598 2451 Scientiarum
616 2378 745 2452 studiis
763 2379 954 2452 materiam
972 2393 1011 2452 et
1029 2378 1208 2475 supellec-

64 2513 157 2587 tilem
175 2512 401 2609 praebuistis
453 2511 647 2584 Societatis
674 2535 806 2607 corpus
828 2512 910 2585 luce
928 2525 1050 2586 vestra
1067 2511 1208 2585 illustre

64 2649 269 2744 exterisque
287 2647 462 2743 gentibus
479 2646 719 2742 conspicuum
736 2646 970 2720 reddidistis:
998 2648 1049 2720 ita
1066 2659 1106 2719 ut
1124 2670 1208 2743 quae

65 2780 97 2853 in
114 2783 292 2878 operibus
320 2780 473 2854 Naturae
499 2780 681 2854 mirabilia
710 2792 774 2854 aut
801 2804 897 2853 nova
920 2781 1130 2876 ubicunque
1153 2780 1208 2852 in·

65 2929 169 2989 senta
187 2925 291 3004 sunt,
303 2913 351 2987 ad
364 2913 587 2987 Societatem
602 2924 761 2986 vestram
774 2913 1005 3010 potissimum
1018 2914 1206 2987 transmit-

65 3063 199 3139 tantur,
219 3059 259 3122 et
285 3048 331 3122 de
353 3048 472 3121 causis
499 3071 626 3121 eorum
650 3046 791 3143 Judicia
807 3057 929 3120 vestra
952 3056 1207 3142 expectentur.

66 3184 258 3282 Ingenium
275 3207 384 3255 suum
401 3206 423 3256 a
440 3182 543 3255 vobis
560 3181 809 3276 unusquisque
826 3178 985 3275 spectari
1003 3191 1042 3250 et
1058 3176 1208 3274 probari

65 3319 183 3416 magni
219 3317 390 3391 aestimat.
442 3315 562 3390 Unius
584 3313 780 3387 alteriusve
804 3311 1009 3385 Geometrae
1026 3309 1087 3382 vel
1113 3310 1209 3408 Phy-

65 3453 122 3525 sici
141 3448 468 3539 commendatione
486 3445 534 3519 ad
551 3445 713 3520 studium
740 3443 984 3540 Philosophia
1008 3443 1118 3539 pauci
1145 3467 1209 3518 ex-

65 3587 235 3660 citantur.
273 3582 484 3672 Nimirium,
503 3582 574 3654 hoc
592 3582 712 3678 ipsum
726 3578 904 3676 augendae
917 3579 1080 3653 scientiae
1093 3602 1209 3653 unum

65 3734 99 3794 et
122 3743 304 3818 magnum
327 3717 581 3814 adjumentum
605 3727 674 3801 est,
692 3713 791 3810 quod
817 3713 867 3787 ad
889 3713 1040 3809 negotia
1062 3713 1211 3810 publica

65 3856 137 3928 nati
155 3868 195 3928 et
224 3852 388 3927 instituti
405 3850 615 3924 hominibus
639 3849 714 3921 otio
733 3847 1007 3921 abundantibus
1021 3848 1068 3920 ad
1086 3847 1210 3920 colen-

65 3989 144 4064 dam
162 3985 437 4087 philosophiam
454 3984 595 4057 animos
613 3981 818 4070 addidistis,
832 3982 909 4055 sine
924 4008 1079 4079 quornm
1096 3982 1209 4079 longo

64 4142 98 4199 et
113 4127 335 4199 vehemente
360 4120 483 4194 studio
511 4143 630 4216 neque
660 4119 872 4191 Geometria
902 4143 1023 4216 neque
1042 4119 1209 4213 Physica,

62 4259 189 4354 quibus
219 4254 341 4329 omnis
369 4251 525 4325 scientia
560 4248 736 4321 naturalis
767 4248 991 4336 continetur,
1022 4239 1209 4340 expectari

63 4405 190 4488 potest.
247 4390 379 4484 Neque
398 4409 485 4458 vero
503 4384 550 4457 ab
575 4382 646 4455 illis
670 4394 837 4477 tempore
860 4392 896 4452 et
915 4379 1038 4453 studio
1057 4386 1211 4475 quanto-

64 4551 203 4626 cunque
223 4525 305 4598 sinc
324 4545 394 4618 ope
412 4532 535 4594 vestra
553 4516 716 4592 scientiae
734 4517 804 4589 illa
822 4526 898 4589 tam
924 4512 1102 4597 difficiles,
1121 4532 1210 4606 qua·
