2656 5136
64 613 136 679 350
487 626 686 678 nrsronra

107 791 196 874 Quid
210 791 301 857 Deus
311 801 489 858 extremum
500 791 625 878 judicat
633 801 708 856 ante
723 789 818 856 diem.

64 892 169 969 Unus,
185 894 225 957 ab
240 902 360 957 aeterno
374 891 520 977 pendere,
536 891 591 969 ait,
606 891 713 957 omnia
726 891 834 967 verbo,

107 992 215 1068 Alter,
231 994 270 1056 ab
285 991 417 1057 arbitrio
431 992 533 1057 multa
547 991 654 1058 venire
670 1013 736 1055 suo.

63 1090 104 1155 In
119 1101 224 1176 partes
239 1091 375 1155 veniunt
388 1112 498 1156 omnes
513 1091 630 1177 quibus
644 1089 724 1154 utile
738 1088 859 1154 bellum
875 1098 940 1155 est.

109 1187 162 1255 Sic
183 1189 284 1253 doctis
299 1189 393 1253 debes
408 1187 482 1255 inde
496 1198 632 1272 sequuta
647 1187 737 1252 mala.
1083 1193 1127 1253 30

64 1286 136 1352 Nec
152 1287 256 1351 miror.
303 1287 425 1351 Natura
440 1287 584 1352 homines
598 1309 668 1352 raro
683 1285 761 1351 facit
774 1285 843 1371 ipsa

107 1385 286 1470 Egregieve
302 1388 411 1463 bonos,
427 1386 594 1472 egregieve
609 1384 718 1462 malos,

63 1485 202 1571 Egregie
219 1484 344 1561 stultos,
359 1495 416 1549 aut
431 1485 557 1572 egregie
572 1483 750 1570 sapientes¹.

109 1582 241 1649 Perficit
255 1583 417 1668 inceptum
433 1583 582 1666 quodque
597 1583 748 1668 magister
762 1605 850 1666 opus

66 1682 217 1750 Ostendit
232 1681 358 1746 Natura
373 1681 489 1759 Deum,
504 1705 689 1767 summeque
703 1680 891 1748 colendum:

112 1782 175 1849 Sed
190 1782 295 1846 cultus
309 1781 377 1847 veri
391 1804 455 1845 non
470 1781 563 1847 docet
576 1781 631 1847 illa
644 1781 782 1846 modum.

67 1886 131 1949 Sec.
157 1881 239 1964 Quae
254 1881 355 1946 nescit
371 1881 503 1958 Natura,
519 1891 665 1966 potestne
679 1881 790 1946 docere
806 1879 991 1966 magister?

110 1982 169 2045 Pr.
195 1981 283 2061 Quid
298 1981 341 2056 ni,
356 1980 517 2045 doctorem
532 1980 559 2045 si
573 1980 666 2046 docet
680 1981 747 2065 ipse
762 1978 851 2044 Deus
863 1980 879 2043 i

67 2080 131 2144 Soc.
156 2078 261 2160 Quem
276 2101 351 2143 vero
365 2078 474 2143 docuit
489 2078 588 2155 Deus,
600 2089 633 2143 et
648 2101 712 2163 quo
727 2089 808 2144 teste
823 2077 966 2146 sciemus

111 2176 265 2244 Credibili
277 2199 459 2262 quenquam
473 2178 518 2244 sic
528 2178 671 2244 docuisse
687 2177 818 2243 Deum?
1087 2190 1135 2249 40

67 2277 129 2342 Pr.
152 2276 281 2341 Primus
296 2286 365 2341 erat
379 2275 497 2353 Moses,
509 2277 562 2342 cui
575 2287 673 2342 testes
690 2275 789 2363 Signa
803 2276 894 2343 fuere

111 2375 209 2440 Edita
223 2375 257 2438 in
272 2374 431 2460 AEgypto,
446 2375 693 2461 retrogradoque
704 2375 792 2439 mari.

68 2474 239 2540 Proximus
254 2473 328 2537 huic
346 2476 452 2537 Aaron
468 2473 582 2539 frater:
607 2496 812 2557 summusque
827 2474 979 2541 sacerdos

112 2572 236 2639 Doctus
251 2595 328 2637 voce
343 2572 406 2636 Dei
421 2583 478 2648 est,
494 2573 603 2637 ordine
619 2573 754 2656 quisque
771 2595 838 2636 suo.

70 2672 156 2738 Tum
173 2671 367 2737 Testamenti
382 2671 497 2736 veteris
512 2672 561 2735 his
576 2671 654 2736 adde
671 2671 856 2754 Prophetas,

113 2772 160 2836 Et
173 2771 287 2835 desum
304 2769 478 2845 Christum,
495 2771 550 2854 qui
566 2770 628 2835 suit
643 2770 709 2855 ipsc
725 2770 824 2833 Deus.

71 2871 237 2936 Postremo
252 2869 447 2946 Paracletus,
463 2869 494 2933 id
510 2881 566 2945 est,
584 2870 727 2934 Ecclesia
742 2868 873 2943 Christi,

115 2968 282 3036 Credenda
297 2979 346 3033 est
361 2968 428 3033 veri
443 2971 539 3033 verba
553 2969 665 3033 docere
681 2968 752 3032 Dei.

72 3069 136 3133 Sec.
160 3069 257 3134 Adde
272 3079 306 3133 et
320 3069 512 3153 phanaticos,
528 3069 622 3152 hujus
638 3092 720 3132 nora
734 3067 855 3132 lumina
869 3067 966 3132 secli:

114 3167 160 3232 Et
175 3169 297 3245 Romae,
309 3169 335 3232 si
351 3168 408 3244 vis,
424 3168 523 3251 adjice
540 3167 737 3232 Pontificem.
1088 3181 1135 3239 50

73 3265 136 3334 Sed
148 3268 221 3344 scio,
238 3291 301 3331 non
317 3267 425 3332 docuit
440 3267 615 3352 pugnantia
629 3267 733 3330 dicere
748 3288 854 3330 secum

115 3365 226 3432 Verba
241 3367 339 3430 Deus.
357 3365 428 3430 Lex
444 3376 529 3442 sunt,
546 3377 578 3430 et
594 3365 655 3428 nisi
669 3365 753 3429 clara
768 3364 865 3427 nihil:

73 3463 245 3550 Perspicue
261 3464 418 3550 descripta
432 3475 521 3529 tenet
536 3485 735 3548 quaecunque
751 3463 895 3547 requirit,

116 3562 157 3627 In
172 3564 260 3628 libris
272 3564 377 3640 sacris,
393 3564 446 3628 lex
463 3564 567 3628 Vetus
583 3575 680 3646 atque
696 3562 799 3627 Nova

76 3661 237 3743 Quorsum
254 3663 352 3747 igitur
366 3663 468 3727 doctae
483 3663 577 3727 lites?
624 3661 788 3727 Sententia
805 3661 910 3746 dispar

117 3761 293 3826 Doctorum
309 3762 391 3847 parti
407 3761 506 3825 demit
528 3761 656 3844 utrique
672 3761 775 3824 fidem.

74 3867 96 3896 “
106 3859 163 3924 Me
178 3883 309 3944 sequere
324 3861 363 3924 ad
379 3860 528 3945 Regnum
545 3859 734 3935 Coelorum,”
753 3858 894 3922 clamitat
909 3856 1002 3924 alter.

122 3967 144 3995 “
156 3959 226 4023 Imo
241 3981 291 4021 me
307 3958 441 4043 potius,‘’
456 3958 570 4021 clarius
585 3958 665 4022 alter
681 3958 734 4021 ait.

75 4056 160 4123 Vela
175 4058 251 4122 ratis
266 4068 382 4122 sanctae
393 4059 555 4142 jactantur
571 4058 603 4120 in
619 4080 689 4122 aere
705 4057 820 4121 scisso:

118 4157 257 4241 Ejicitur
272 4156 379 4221 Pietas
397 4156 652 4240 Simplicitasque
668 4157 761 4220 foras.
1089 4169 1136 4228 60

77 4256 151 4322 Rex
166 4268 272 4321 noster
287 4256 377 4320 nobis
392 4265 425 4320 et
441 4255 547 4320 Moses
563 4266 620 4332 est,
637 4267 670 4320 et
685 4256 813 4319 Aaron:

911 4430 1118 4447 Ἢ

330 4540 337 4566 ·
358 4531 436 4602 [Vide
455 4532 627 4598 Inrnrmo,
646 4533 762 4601 duglas,
775 4532 863 4601 puta]
