2656 5136
460 675 796 742 nccnnamsrrca.
1080 663 1154 730 363

113 837 193 904 Esse
207 860 299 905 novae
312 838 460 927 princeps
474 839 539 906 fuit
552 839 665 928 ingens
675 840 779 928 gloria
791 849 886 906 sectae

155 936 358 1024 Philosopho,
375 939 442 1005 sine
457 962 522 1024 qna
536 963 601 1006 non
616 950 685 1006 erat
699 940 785 1005 unde
799 940 916 1006 ederet

114 1036 168 1104 Sic
182 1038 396 1104 doctrinarum
410 1048 586 1104 nascuntur
599 1039 686 1105 mille
700 1039 830 1117 colores,

156 1136 245 1201 Dum
259 1137 376 1204 nebulo
390 1137 476 1203 tama
489 1137 604 1204 nobilis
618 1161 686 1204 esse
700 1137 799 1224 cupit.

112 1236 268 1302 Nascitur
282 1237 357 1304 hinc
370 1238 488 1315 odium,
504 1248 539 1304 et
553 1238 717 1324 pugnandi
731 1261 847 1323 magna
859 1238 981 1305 libido:

158 1334 221 1403 Sed
236 1359 345 1424 pacem
360 1348 489 1403 servant
503 1361 591 1402 arms
604 1348 721 1424 negata
733 1337 833 1424 gregi.

113 1435 233 1502 Mutua
247 1436 301 1503 sed
312 1437 437 1523 jaciunt
451 1437 594 1504 convicia
609 1462 618 1501 :
642 1437 743 1503 credit
757 1437 888 1522 utrique

157 1536 325 1614 Ethnicus,
341 1546 374 1600 et
389 1535 511 1603 Christi
525 1536 618 1601 dulce
628 1537 745 1623 jugum
758 1535 888 1623 refugit
1091 1540 1155 1603 510

115 1635 214 1700 Alter
228 1646 261 1700 et
274 1635 408 1700 alterius
422 1635 498 1700 dum
513 1636 644 1700 damnat
657 1635 816 1722 dogmata,
830 1645 942 1701 natum
956 1645 1006 1702 est

157 1733 287 1800 Nomen
301 1745 336 1801 et
349 1735 499 1801 Haeretici
516 1735 724 1821 Catholicique
738 1734 809 1800 viri.

116 1832 151 1897 N
153 1856 204 1898 am
219 1855 292 1898 cum
306 1832 428 1898 finisset
444 1832 566 1920 Synodi
577 1833 736 1899 sententia
749 1833 849 1910 litem,

159 1931 301 1997 Vincere
316 1930 529 2009 Catholicum‚
545 1932 630 1998 vinci
645 1942 713 1998 erat
727 1932 921 1998 haereticum.

118 2032 316 2099 Consensere
329 2040 438 2097 tamen
452 2031 568 2118 signati
582 2032 712 2098 nomine
727 2030 850 2099 Christi

160 2129 283 2197 Contra
298 2128 445 2197 Gentiles
459 2131 689 2219 lignicolasque
703 2130 798 2197 viros.

114 2228 203 2316 Ergo
224 2229 315 2295 miles
329 2240 407 2308 crat,
422 2230 548 2315 quoties
561 2230 681 2296 bellum
695 2228 760 2295 suit
773 2230 858 2296 inter

159 2328 251 2415 Ipsos
264 2328 436 2408 Romanos,
453 2328 644 2396 Christicola
657 2329 816 2416 egregius.

116 2428 164 2493 Hi
180 2427 428 2495 Constantinum
442 2428 590 2495 fecerunt
603 2429 740 2506 vincere,
756 2440 790 2494 et
803 2428 857 2494 ille

159 2528 221 2594 His
235 2550 300 2593 non
314 2528 501 2594 credentum
515 2528 669 2616 sanguine
682 2528 763 2594 lavit
776 2528 910 2593 humum
921 2551 929 2591 :
1093 2529 1158 2591 520

115 2630 303 2712 Cunctaque
316 2627 467 2695 salsorum
482 2628 643 2695 destruxit
655 2629 776 2715 templa
788 2628 943 2704 Deorum,

159 2728 267 2793 Unius
282 2737 316 2793 et
330 2727 438 2792 sanxit
450 2727 579 2813 publica
593 2749 682 2793 sacra
694 2727 778 2792 Dei:

115 2826 330 2910 Pastoresque
344 2848 479 2912 gregum
494 2848 611 2912 magno
624 2825 775 2912 dignatus
789 2825 909 2892 honore
924 2834 974 2890 cst

156 2924 358 3010 Praecipuus:
384 2924 504 2989 Christi
518 2923 622 2989 cultor
636 2924 751 3010 etipse
766 2924 839 2989 fuit.

117 3026 247 3090 Summe
263 3022 458 3108 temporibus
473 3021 617 3087 Ecclesia
630 3022 739 3087 floruit
752 3023 825 3100 illis,

159 3125 322 3210 Agrorum
337 3122 454 3186 sanctis
468 3120 708 3206 proprietasque
722 3121 814 3186 redit.

117 3224 220 3308 lnque
235 3222 302 3287 dies
316 3221 417 3287 crevit
430 3243 510 3308 grex
526 3219 665 3287 Christi:
689 3221 821 3286 accessit
834 3220 875 3286 ad
889 3219 961 3285 illos

158 3321 316 3388 Omnibus
331 3343 349 3386 e
363 3320 458 3387 terris
472 3320 659 3385 innumerus
673 3320 821 3406 populus,

116 3421 275 3507 Principis
289 3420 446 3506 exemplo,
461 3419 513 3486 vel
527 3420 736 3506 prosperitate
751 3420 856 3486 vocati

159 3520 337 3607 Temporis,
353 3531 410 3585 aut
424 3519 532 3604 aliqua
545 3541 623 3585 voce
637 3518 815 3585 ministerii.
1095 3523 1161 3583 530

116 3622 257 3705 Jamque
271 3619 352 3683 nihil
365 3619 475 3684 deerat
489 3618 576 3703 quod
589 3629 719 3706 gentem
733 3618 865 3684 reddere
880 3615 1002 3684 Christi

160 3719 313 3785 Foelicem
328 3729 444 3805 posset,
460 3718 494 3782 ni
509 3717 570 3783 sibi
584 3718 692 3783 deesse
706 3717 794 3784 velit

118 3821 182 3884 Sec.
192 3818 309 3883 Defuit
316 3818 417 3901 (haud
425 3817 559 3883 dubium
570 3815 634 3904 est)
639 3816 725 3902 quod
734 3826 811 3883 erat.
833 3815 900 3899 Qui
909 3838 973 3882 non
982 3817 1066 3884 bons
1074 3815 1160 3882 norit

161 3917 235 4005 Ipse
250 3940 316 3995 suu,
332 3927 388 3982 aut
402 3916 504 3983 nescit
519 3916 596 4002 quid
607 3918 701 4002 juvet
715 3926 773 3982 aut
786 3927 908 3994 noceat,

119 4018 217 4081 Hunc
232 4038 291 4081 nec
305 4016 374 4103 agri
388 4038 447 4082 nec
461 4039 536 4103 opes
551 4016 677 4082 felicem
691 4016 822 4083 reddere
836 4026 989 4103 possunt:

161 4114 248 4178 Nam
263 4114 323 4180 sibi
337 4114 459 4180 divitiis
473 4116 541 4201 ipse
555 4116 708 4182 molestus
723 4115 793 4181 erit

118 4215 178 4277 Pr.
202 4212 272 4289 Est,
287 4212 341 4277 ita.
386 4211 525 4279 Divitias
540 4213 664 4279 dederit
677 4214 704 4278 si
718 4236 836 4279 numen
852 4235 947 4279 avaro

163 4313 327 4394 Quantum
338 4321 428 4396 optat
442 4335 582 4399 magnas,
598 4313 784 4379 ambitiosus
799 4313 869 4379 erit.

120 4410 153 4475 Si
166 4433 272 4475 rerum
287 4432 395 4475 curam
410 4411 603 4477 commiserit
616 4412 794 4489 ambitioso,

162 4510 245 4575 Vult
259 4509 323 4576 dici
338 4509 472 4596 sapiens,
487 4521 584 4597 atque
600 4514 755 4598 superbus
770 4512 838 4578 erit.
1096 4514 1161 4572 540
