2656 5136
172 623 219 703 78
328 642 553 697 nocrmum
571 640 848 695 wnumsmum
867 642 922 696 nu
941 643 1063 699 monn

501 932 754 986 Pnouosmo
778 932 889 987 xxn.

135 1104 142 1120 ·
219 1057 268 1134 Im
295 1060 485 1159 qreilrstsois
507 1061 663 1135 motibus
692 1060 846 1136 iaaieem
875 1060 1121 1159 comparatis,
1147 1060 1207 1136 ω’

170 1185 292 1248 rosata
307 1185 393 1249 suat
410 1174 681 1274 impedimentis
688 1174 1011 1275 proportionalia.

223 1288 306 1361 Hoc
330 1301 399 1376 est,
417 1301 606 1362 momentu
622 1287 831 1385 ponderum
855 1288 1055 1362 momentis
1077 1297 1207 1362 contru-

170 1401 455 1497 ponderautium
484 1414 578 1476 sunt
599 1402 914 1499 proportionalia:
943 1415 983 1474 et
1001 1425 1130 1475 verum
1150 1412 1207 1491 est,

171 1525 210 1587 et
233 1514 384 1588 alarum.
437 1515 495 1588 De
516 1514 789 1613 impedimentis
806 1517 1005 1589 obscurum
1027 1526 1098 1589 est.
1146 1514 1206 1587 Im·

170 1626 384 1724 pedimentu
399 1629 498 1701 enim
514 1652 581 1702 sua
596 1640 731 1702 nutura
754 1640 997 1719 momentum,
1014 1628 1056 1703 in
1079 1638 1207 1726 purten

170 1743 407 1831 contrariam,
424 1742 568 1815 nullum
584 1742 735 1816 habent.

491 2000 745 2054 Pnouosl'rto
764 2000 893 2055 xxm.

218 2131 266 2205 In
284 2130 519 2230 comparatis
535 2114 704 2220 molimus,
714 2129 750 2203 si
766 2128 945 2203 latiorum
962 2137 1132 2229 tempora
1142 2126 1206 2203 siut

166 2244 342 2344 (equatio,
355 2244 586 2318 eeleritatam
600 2240 752 2343 gradus
766 2251 853 2315 sant
871 2242 1084 2317 transactis
1099 2240 1206 2342 lorgi·

168 2357 359 2433 tudiuibus
372 2356 687 2458 proportionales.

496 2592 746 2645 PROPOSITIO
766 2593 889 2644 XXIV.

216 2721 264 2794 Im
282 2723 514 2820 corupuratis
538 2721 709 2811 motibus,
728 2721 764 2793 si
784 2730 988 2794 transacta
1013 2720 1204 2821 longitudi-

165 2858 231 2907 mes
248 2835 324 2908 siut
348 2835 521 2932 equales,
539 2834 769 2909 cele-ritatum
792 2835 942 2933 graelm
966 2846 1053 2909 sumt
1080 2846 1204 2934 tempo-

166 2949 272 3021 ribus
289 2949 482 3048 reciproce
495 2947 809 3049 proportionales.

501 3180 753 3232 PROPOSITIO
774 3180 877 3232 XXV.

217 3302 526 3401 Comparatorum
549 3309 705 3374 motuum
730 3299 957 3386 celeritates,
976 3309 1067 3372 suat
1091 3299 1131 3373 iu
1152 3322 1207 3371 ro·

164 3419 262 3491 tiome
280 3442 327 3490 ea
345 3416 491 3489 elireeta
508 3413 781 3512 longitudinum
798 3423 836 3486 et
857 3411 1063 3511 reciproca
1080 3423 1209 3511 tempo·

163 3554 244 3603 rum
260 3527 467 3604 rationibus
485 3525 699 3626 composita.

489 3751 737 3805 PROPOSI'I'IO
765 3751 888 3803 xxvl.

214 3870 263 3942 Im
279 3869 510 3967 comparatis
534 3867 702 3959 motibus,
720 3868 755 3941 si
778 3876 981 3942 traasaetce
1008 3866 1210 3969 longitudi-

162 4006 229 4055 aes
263 3983 339 4056 siat
377 3982 604 4082 temporibus
637 3980 959 4081 proportionalem
998 3981 1210 4057 celeritates

162 4105 249 4168 sumt
260 4095 444 4192 equales:
462 4106 502 4169 et
518 4107 661 4170 eontra.

212 4210 320 4282 Verae
344 4208 493 4306 quidem
515 4223 615 4298 suut,
642 4235 718 4284 non
741 4220 866 4282 autem
893 4208 940 4281 ab
968 4208 1034 4283 illo
1063 4210 1211 4284 demon-

163 4333 308 4396 stratae:
327 4320 392 4395 sed
405 4321 652 4397 demonstrari
668 4345 775 4419 posse
794 4321 916 4394 innuit
933 4345 979 4394 ex
998 4322 1210 4399 defiuitione

161 4435 384 4511 celeritatis.
437 4436 512 4509 Cur
530 4460 619 4532 ergo
638 4436 720 4510 illas
738 4458 814 4507 non
831 4446 1040 4530 sumpserat
1057 4448 1101 4510 ut
1117 4436 1209 4510 axio·

161 4563 272 4642 mata,
291 4550 413 4625 citatis
426 4549 644 4624 authoribus
662 4549 727 4647 qui
741 4548 821 4624 illas
838 4547 1208 4625 demonstraverant?
