2656 5136
203 630 279 700 368
623 652 825 706 maroam

202 812 244 879 In
259 814 370 880 vinum
383 815 524 883 mutavit
536 838 673 902 aquam:
696 818 747 885 bia
760 818 1030 907 multiplicatum.

246 914 304 979 Ad
318 915 475 1001 populum
488 938 604 1002 panem
618 918 750 986 numine
760 918 890 1005 fertque
904 943 976 988 suo.

203 1012 350 1096 Quorum
364 1014 522 1081 sactorum
535 1026 634 1083 testea
648 1016 787 1085 habuere
801 1021 955 1106 probatos

245 1112 280 1178 N
282 1113 365 1180 iceni
380 1113 504 1193 Patres,
520 1116 613 1201 queis
626 1116 767 1184 habuere
779 1118 887 1196 fidem,

200 1211 406 1290 Matthaeum,
422 1212 580 1293 Murcum,
595 1214 730 1294 Lucem,
742 1216 889 1295 Petrum,
899 1227 1005 1304 atquo
1018 1218 1048 1287 J
1047 1218 1224 1299 ohannem,

243 1310 491 1398 Discipulosque
501 1313 589 1379 alios.
634 1312 699 1381 His
713 1313 852 1382 habuere
866 1315 975 1383 iidem.

202 1411 270 1494 Qui
284 1422 416 1498 potuere
431 1412 545 1480 Patres
558 1412 660 1502 igitur
673 1414 714 1481 de
727 1436 763 1482 re
773 1414 953 1495 manifesta,

244 1513 291 1577 Et
304 1521 371 1577 tam
385 1512 537 1591 confesso,
552 1513 680 1579 credere
693 1536 760 1580 non
773 1514 907 1580 eadem?

199 1612 261 1677 Pr.
286 1610 356 1678 Scis
371 1610 503 1679 Graeoos
516 1635 650 1679 numero
663 1612 804 1698 reliquos
814 1635 995 1699 superesse,
1009 1626 1049 1683 et
1062 1616 1101 1683 in
1115 1616 1184 1685 illis

244 1709 371 1778 Sectam
386 1711 574 1779 Aristotelis
587 1712 883 1799 praevaluissealiia.
1204 1718 1261 1787 70⁰

198 1808 225 1876 J
225 1810 375 1876 udaeus
351 1810 470 1898 s1gnis3
494 1810 628 1879 Graecus
641 1811 775 1879 cedebat
788 1810 955 1889 Elenchis,

242 1910 293 1976 Ut
307 1933 364 1996 qm
354 1911 542 1996 quaerebat
555 1934 620 1978 non
631 1914 672 1973 ὅτι
682 1910 739 1977 sed
753 1912 835 1976 διότι.

199 2012 263 2076 Soc.
288 2008 353 2077 Sed
367 2034 432 2095 quo
446 2011 520 2088 fine,
535 2011 600 2077 Dei
613 2011 691 2077 dum
705 2010 833 2098 propria
845 2009 934 2077 facta
947 2010 1114 2092 fatentur,

242 2107 441 2193 Quaerebant
453 2110 523 2177 lieri
537 2133 604 2196 quo
616 2121 751 2197 potuere
764 2109 882 2176 modo?

198 2209 258 2273 Pr.
284 2207 414 2275 Scilicet
423 2209 458 2274 in
475 2207 607 2296 Synodo
621 2209 708 2276 docti
721 2208 907 2295 indoctique
921 2207 1087 2278 fuerunt:

240 2307 363 2374 Doctos
378 2331 458 2394 quos
471 2308 549 2375 fecit
562 2308 659 2375 lectio
675 2307 877 2385 Aristotelis3

197 2406 325 2475 Inducti
340 2431 425 2486 vero,
438 2409 495 2494 qui
508 2409 556 2473 nil
569 2408 658 2474 aliud
671 2408 859 2475 didicissent

241 2506 348 2590 Quam
362 2531 420 2593 pro
434 2530 468 2573 se
483 2508 646 2575 Christum
660 2518 797 2574 mortem
812 2506 927 2573 obiisse
942 2508 1067 2587 crucis,

196 2606 243 2672 Et
258 2630 395 2692 quorum
408 2606 513 2672 nullos
524 2609 694 2672 servabant
707 2606 823 2672 scrinia
833 2606 942 2683 libros,

239 2706 386 2792 Excepto
401 2716 526 2772 tantum
542 2706 657 2773 Codice
672 2717 810 2790 utroque
821 2727 917 2771 sacro.
1198 2714 1257 2777 710

197 2805 245 2872 Hi
260 2806 337 2891 quia
350 2829 415 2872 non
429 2806 548 2872 audent
562 2806 730 2871 adversum
745 2806 850 2872 dicore
864 2805 987 2883 doctos,

239 2904 356 2971 Dicere
370 2927 430 2971 nec
443 2914 555 2970 contra
569 2904 676 2969 Biblia
690 2927 779 2970 sacra
791 2904 914 2980 volunt,

195 3002 350 3072 Contenti
365 3014 507 3069 sanctam
523 3002 669 3068 Triadem
683 3003 835 3079 firmasse,
851 3002 1013 3089 simulque

238 3102 316 3170 Non
331 3127 396 3170 uno
410 3103 516 3190 plures
531 3103 564 3166 in
579 3101 697 3167 Triade
712 3124 780 3168 esse
795 3101 892 3178 Deos,

196 3201 332 3270 Solliciti
346 3203 480 3268 nimium
491 3202 531 3267 de
546 3200 651 3267 verbis
662 3223 730 3266 csse
745 3200 912 3276 timebant,

236 3302 272 3368 N
273 3327 291 3370 e
307 3303 378 3388 quis
392 3326 447 3369 eos
460 3302 574 3367 doctus
584 3300 705 3366 diceret
718 3323 787 3366 csse
802 3299 905 3364 rudes

193 3403 345 3488 Namque
359 3403 551 3489 ignorabant
563 3399 731 3486 peregrina
745 3398 906 3474 vocabula,
923 3408 1088 3481 quantum

236 3504 294 3569 Ad
309 3526 359 3568 res
373 3501 541 3566 mutandas
552 3499 781 3583 dissidiumque
796 3498 912 3564 valent

192 3605 259 3670 Sec.
282 3603 460 3668 Damnatos
474 3611 581 3666 autem
596 3622 669 3685 quae
684 3599 813 3664 tandem
827 3620 919 3683 poena
934 3601 1102 3681 sequuta?

236 3703 339 3789 Cujus
353 3703 392 3767 ad
407 3700 597 3766 arbitrium?
640 3698 799 3784 Principis
813 3719 894 3762 anne
909 3696 1074 3761 Petrum?
1188 3702 1252 3767 720

192 3805 252 3869 Pr.
277 3802 404 3888 Aspera
418 3823 511 3886 poena
525 3799 611 3875 satis,
626 3799 769 3883 citraque
783 3796 969 3884 gravissima
983 3806 1137 3863 mortem.

236 3902 388 3968 Peccanti
403 3901 487 3966 clero
501 3922 593 3984 poeno
608 3909 677 3964 erut
690 3899 831 3964 exilium.

191 4003 345 4071 Peccanti
359 4002 440 4068 laico
455 4000 507 4066 via
521 3999 728 4065 claudebatur
742 3997 781 4063 ad
796 4018 889 4062 omno

235 4104 349 4173 Civilis
364 4103 447 4179 vitae,
463 4100 650 4186 militiaeque
664 4099 769 4164 decus

190 4205 225 4271 N
227 4230 263 4273 ec
277 4205 413 4270 Patrum
428 4200 568 4277 arbitrio,
580 4199 712 4284 (quibus
727 4217 874 4262 accusare
888 4191 1062 4280 dabatur);

231 4304 376 4391 Legibus
391 4313 426 4368 at
439 4300 565 4386 scriptis
580 4298 731 4386 principis
746 4294 887 4381 imperio.

188 4406 254 4471 Sec.
279 4402 410 4471 Crimen
424 4411 503 4477 erat,
518 4399 631 4474 fateor,
649 4395 773 4483 Synodi
787 4391 945 4460 contraria
961 4391 1068 4473 dietis,

233 4503 316 4572 Cum
332 4500 453 4567 fuerint
465 4499 532 4565 lata
544 4497 616 4584 lege
630 4498 772 4583 probato,
787 4492 884 4578 loqui
