2656 5136
474 662 805 719 nccunsrasurca.
1086 659 1158 726 ³55

124 826 178 894 Sic
192 825 313 894 ratione
327 828 435 895 dolum
447 829 581 907 detexit,
597 839 631 896 et
644 853 719 898 ense
733 832 873 901 abolevit

164 927 359 1014 Ergamcnes
373 928 506 1014 sapiens,
522 928 637 995 nobilis
653 929 858 1017 Ergamenes.

120 1025 173 1091 Ex
187 1027 242 1093 illo
256 1027 452 1114 AEthiopum
465 1029 504 1094 fit
517 1040 660 1115 tempore
673 1040 786 1116 pectus
800 1040 955 1118 apertum,

163 1127 384 1212 Humanaeque
399 1150 498 1213 capax
511 1150 590 1215 gens
603 1127 735 1195 rationis
749 1139 837 1196 erat:

119 1225 165 1291 Et
178 1226 370 1311 simulatque
384 1225 449 1292 Dei
463 1227 563 1312 coepit
574 1226 719 1294 doctrina
731 1228 847 1308 doceri,

162 1323 284 1391 Christi
298 1349 370 1391 cum
385 1325 495 1412 primis
508 1326 542 1390 hi
556 1325 680 1393 subiere
689 1328 815 1415 jugum

118 1423 173 1489 Ad
189 1423 320 1491 Graecos
334 1435 418 1491 artes
432 1447 547 1492 venere
561 1427 718 1511 Mnaequs
731 1427 896 1513 maleque,

160 1525 253 1590 Ante
267 1548 308 1590 ex
323 1525 473 1612 AEgyptc
487 1547 584 1609 quam
598 1523 662 1590 fuit
676 1525 881 1613 Ergamenes.

118 1620 195 1687 Una
208 1623 379 1689 sacerdotis
391 1645 471 1710 gens
485 1645 609 1708 semper
621 1622 759 1690 habebat
771 1623 923 1691 honorem

160 1720 324 1808 AEgyptc:
343 1720 468 1808 Sophite
482 1720 611 1808 sanguis
624 1721 713 1810 origo
726 1721 799 1788 fuit.
1092 1728 1155 1788 220

116 1817 151 1882 N
152 1831 221 1884 atos
236 1820 372 1905 quisque
386 1843 444 1885 sua
457 1831 548 1907 puter
561 1819 750 1898 instituebat
762 1820 797 1886 in
810 1829 898 1888 artes

159 1918 287 2005 Ingenii
301 1918 365 1983 fuit
378 1919 428 1984 his
442 1942 507 1984 una
526 1918 677 2006 magistra
689 1917 811 1985 domus.

119 2017 182 2084 Sed
196 2041 364 2084 numerosa
375 2019 506 2096 domus3
528 2041 668 2103 namque
683 2018 746 2084 illis
760 2017 879 2084 tradita
891 2016 1013 2085 alendis

158 2116 212 2181 Ex
226 2118 329 2184 tribus
340 2117 483 2206 AEgypti
496 2119 640 2205 partibus
652 2141 717 2184 una
731 2117 812 2184 fuitr

116 2216 285 2301 Doctaque
298 2217 462 2283 stillabant
474 2216 642 2304 praeceptis
652 2239 707 2283 ora
720 2214 897 2304 profundis,

160 2315 242 2398 Quae
257 2316 367 2383 sitiens
380 2317 488 2384 hausit
502 2317 632 2384 Graecus
646 2326 680 2383 et
695 2315 860 2404 Assyrius.

116 2414 190 2480 Mos
204 2424 273 2482 crat
287 2440 370 2482 unus
384 2417 430 2483 eis
443 2416 483 2483 ad
497 2417 600 2484 sidera
613 2416 706 2483 laude
727 2415 886 2494 ferendus,

158 2514 290 2602 Nempe,
305 2515 339 2580 in
349 2516 479 2601 judiciis
493 2539 589 2602 quem
603 2526 735 2583 tenuere
755 2515 895 2582 modum.

114 2612 231 2679 Nullus
246 2626 315 2681 erat
328 2615 490 2702 strepitus,
505 2638 565 2682 nec
578 2638 643 2682 vox
656 2615 766 2681 audita
778 2614 913 2692 clientis,

156 2712 307 2779 Patronis
321 2714 429 2780 nullus
443 2714 673 2800 causidicisque
686 2713 785 2780 locus.
1088 2715 1151 2776 230

113 2809 200 2874 Nam
215 2812 349 2898 triginta
361 2812 423 2878 viri
432 2813 487 2898 jus
500 2812 692 2898 cognitionis
704 2811 866 2878 habebant

157 2910 207 2974 De
221 2932 265 2987 re,
283 2933 355 2995 quae
370 2911 511 2976 nondum
526 2912 598 2996 cuja
610 2910 755 2995 liquebat
768 2920 847 2977 crat.

115 3006 303 3094 Conspicuis
317 3008 450 3076 totidem
463 3008 579 3075 delecti
594 3032 635 3075 ex
649 3009 782 3075 urbibus
795 3029 923 3075 omnes:

157 3106 253 3173 Unus
267 3118 301 3174 et
314 3107 465 3194 adjectus,
481 3107 632 3173 Praesidis
646 3129 714 3173 esse
727 3107 807 3173 loco.

113 3207 311 3273 Distinctum
325 3207 459 3294 gemmis
473 3206 598 3273 Praeses
611 3205 726 3272 collare
739 3204 872 3282 screbat,

156 3306 251 3390 Quod
266 3306 322 3373 vix
336 3305 480 3372 credibili
493 3305 564 3372 luce
578 3305 709 3372 micasse
723 3303 840 3371 ferunt.

111 3407 209 3493 Ergo,
224 3406 329 3472 Index
342 3404 435 3483 Veri,
458 3406 531 3471 Veri
545 3427 674 3490 quoqne
687 3426 804 3470 nomen
817 3403 964 3479 habebat,

152 3506 290 3573 Victrici
304 3527 407 3572 causae
422 3527 538 3571 nomeu
552 3504 672 3590 ubique
686 3502 806 3569 datum.

111 3607 195 3672 Illud
210 3607 296 3673 enim
310 3604 435 3670 Prseses
449 3626 523 3670 cum
537 3602 664 3691 scriptis
678 3601 891 3689 applicuisset,

151 3705 296 3771 Veraau
311 3703 391 3769 falsa
404 3701 543 3791 (legens)
557 3700 806 3788 sinteascripta
819 3698 916 3766 videt.
1082 3700 1146 3761 240

109 3804 198 3890 Ergo
213 3827 302 3870 suam
316 3803 500 3888 quicunque
514 3802 597 3889 petit
609 3823 677 3867 rem
691 3821 789 3885 quam
802 3806 893 3865 tenet
905 3795 996 3874 alter,

152 3903 198 3968 Et
211 3903 314 3988 patria
327 3903 398 3989 lege
411 3911 449 3966 ut
463 3901 651 3968 restituatur
664 3899 742 3987 agit,

111 4004 143 4068 Is
159 4003 236 4087 quid
251 4003 293 4068 sit
306 4002 437 4079 sactum,
453 4024 518 4087 quc
531 4010 624 4087 pacto
638 4009 673 4066 et
686 3996 823 4084 quando,
837 3993 997 4080 simulque

152 4101 240 4184 Quid
254 4112 353 4167 testes
366 4100 482 4178 dicant,
497 4101 575 4186 quid
588 4100 711 4167 ratione
724 4108 830 4164 ratum
844 4105 903 4174 est,

108 4203 154 4268 Et
168 4202 358 4267 documenta
371 4199 421 4264 sui
430 4199 523 4285 juris,
538 4199 622 4267 serre
636 4198 743 4264 omnia
756 4197 885 4284 scripto,

149 4304 196 4368 Et
210 4324 274 4368 non
289 4299 448 4385 ambiguo,
463 4299 576 4366 debuit
588 4300 674 4366 hisce
688 4297 777 4364 viris

107 4403 219 4487 Hique
233 4401 346 4487 legunt
360 4420 477 4476 secum,
493 4421 558 4483 quo
572 4397 644 4464 vult
657 4396 794 4484 petitore
807 4397 943 4469 beantc3

148 4502 269 4568 Nullus
283 4523 348 4566 non
362 4497 471 4584 scripti
486 4498 626 4585 pensitat
637 4519 764 4564 omnem
778 4494 908 4581 apieenn

943 4612 970 4665 A
981 4611 1007 4665 Α
1024 4616 1039 4662 ²
