2656 5136
184 623 256 688 312
594 630 809 684 canetulo

183 812 354 891 tasmata,
368 822 451 897 quae
461 798 500 873 in
512 798 593 896 ipsa
605 799 776 874 sensione
788 822 827 873 se
839 796 998 872 invicem
1016 794 1237 870 immediate

182 917 467 1010 subsequuntur.

232 1030 298 1102 Est
314 1039 438 1101 autem
455 1026 662 1116 discursas,
679 1025 757 1100 sive
776 1025 1084 1122 imaginationum
1102 1022 1235 1114 series,

183 1141 379 1214 ordinatus
397 1139 455 1213 vel
472 1138 718 1228 inordinatus,
735 1163 779 1213 ac
796 1138 911 1212 veluti
927 1139 1121 1212 fortuitus:
1138 1149 1185 1210 ut
1202 1138 1237 1212 si

183 1255 304 1351 quisa
325 1253 537 1350 Pythagora
561 1252 610 1327 ad
632 1251 768 1341 fabam,
785 1277 809 1326 a
823 1252 910 1326 faba
933 1252 982 1326 ad
1006 1252 1183 1339 fabulam,
1210 1275 1237 1326 a

182 1368 306 1442 fabula
323 1367 371 1440 ad
385 1366 568 1463 AEsopum
584 1365 783 1464 cogitando
796 1376 1018 1462 vagaretur:
1036 1364 1155 1463 qualis
1173 1377 1235 1439 est

184 1481 459 1571 somniantium,
476 1480 536 1554 vel
552 1479 798 1554 delirantium.
833 1479 900 1553 Ille
917 1503 1005 1552 vcro
1021 1479 1166 1574 regitur
1183 1479 1234 1552 ab

183 1593 305 1691 aliquo
335 1594 422 1681 fine,
439 1617 549 1689 quem
579 1592 713 1690 aliquis
738 1592 885 1690 assequi
910 1592 1096 1666 desiderat
1118 1604 1157 1665 et
1183 1592 1235 1666 ad

184 1730 293 1803 quem
310 1705 493 1790 tenditur;
518 1705 578 1780 vel
600 1705 822 1804 aprincipio
839 1705 1015 1801 quolibet,
1031 1705 1091 1778 vel
1113 1706 1161 1779 ab
1186 1729 1234 1779 eo

184 1819 285 1916 quod
294 1819 374 1915 ipsa
382 1819 467 1892 finis
477 1817 693 1915 imaginatio
702 1819 881 1915 suggerit.
907 1818 1010 1892 Illius
1020 1817 1234 1914 exemplum

183 1944 240 2005 est
251 1955 336 2004 cum
349 1954 427 2004 rem
438 1930 600 2028 aliquam
609 1954 688 2029 prae
701 1931 864 2005 exilitate
875 1931 1053 2005 latentem
1066 1933 1234 2028 reperire

182 2045 369 2118 volumus:
396 2067 483 2118 nam
500 2055 622 2118 totum
634 2044 757 2119 locum
775 2057 923 2141 sumpto
936 2045 1092 2118 ubilibet
1107 2045 1233 2134 initio,

182 2156 381 2230 lustramus
399 2156 527 2230 oculis.
561 2157 838 2231 Versificatores
854 2157 1029 2253 congruis
1041 2157 1233 2232 vocabulis

183 2293 250 2343 sua
260 2281 377 2343 metra
388 2269 540 2366 implere
550 2269 726 2361 volentes,
736 2269 835 2344 idem
847 2280 1028 2366 praestant
1044 2282 1109 2343 :ut
1119 2295 1234 2346 canes

184 2383 368 2470 omittam,
385 2382 448 2479 qui
473 2394 619 2480 sumpto
642 2383 807 2479 quolibet
831 2383 939 2457 initio
956 2408 1127 2480 campum
1145 2409 1234 2481 per-

183 2507 377 2591 vagantur,
396 2495 494 2592 quod
511 2496 703 2570 discursas
728 2498 897 2570 umbram
915 2499 1075 2594 aliquam
1093 2498 1233 2572 habere

183 2607 343 2684 videtur.

235 2720 309 2793 Sed
323 2744 407 2793 cum
421 2720 607 2794 discursus
624 2721 846 2818 principium
864 2748 886 2796 a
902 2724 976 2796 fine
989 2724 1234 2797 discurrentis

184 2831 353 2922 sumitur,
368 2833 468 2930 quod
483 2835 527 2908 fit
540 2833 628 2907 dum
646 2835 946 2931 imaginationem
964 2837 1047 2909 finis
1063 2837 1234 2931 sequitur

183 2944 400 3041 imaginatio
416 2948 485 3020 viae
511 2947 560 3022 ad
585 2949 709 3033 finem,
733 2961 880 3044 sumpto
906 2950 1025 3022 ubivis
1046 2951 1233 3046 principio

184 3062 296 3135 series
310 3063 615 3159 imaginationum
629 3067 868 3139 continuatur
880 3090 946 3162 per
960 3067 1090 3139 scriem
1101 3092 1233 3140 causa-

183 3197 267 3247 rum
292 3188 331 3250 et
356 3178 579 3251 effectuum:
606 3177 717 3275 idque
734 3179 793 3251 vel
810 3203 832 3252 a
849 3203 961 3252 causa
977 3178 1025 3253 ad
1043 3181 1232 3271 effectum,

184 3287 242 3359 vel
258 3288 304 3361 ab
322 3290 456 3362 effectu
473 3290 522 3364 ad
539 3315 698 3364 causam.

235 3400 276 3473 Si
292 3425 484 3497 processus
507 3404 573 3477 fiat
589 3404 635 3479 ab
653 3403 914 3499 imaginatione
932 3430 1050 3478 causac
1067 3405 1115 3478 ad
1140 3407 1233 3480 ima·

183 3513 411 3610 ginationem
437 3517 589 3590 effectus
614 3540 741 3590 versus
767 3517 891 3603 finem,
915 3519 977 3614 qui
1005 3542 1148 3614 semper
1174 3534 1233 3595 est

184 3626 337 3700 effectus
355 3627 519 3718 ultimuS,
538 3629 674 3702 dicitur
698 3644 825 3709 σύνθεσις
850 3654 915 3704 seu
941 3631 1171 3729 compositio:
1200 3636 1233 3707 si

185 3739 231 3812 ab
249 3740 385 3813 effectu
401 3741 450 3814 ad
467 3765 616 3815 causam
633 3744 741 3818 etita
758 3744 933 3840 deinceps
949 3768 1076 3817 versus
1093 3746 1234 3840 priora,

184 3868 320 3935 ἀνάλυσις
337 3876 403 3927 seu
420 3853 613 3930 resolutio.
664 3857 731 3930 Est
745 3869 869 3931 autem
886 3869 1042 3953 utraque
1059 3858 1234 3931 reminie-

185 3966 319 4040 centia.

236 4079 339 4152 Illius
356 4078 564 4175 exemplum
590 4082 629 4155 in
653 4082 815 4173 homine,
834 4083 922 4156 dum
948 4085 1232 4159 aedificationem

185 4191 409 4288 imaginatur
434 4192 614 4290 incipieus
631 4219 654 4269 a
670 4198 827 4270 materia
851 4197 899 4270 ad
921 4198 1077 4271 formam
1100 4197 1234 4274 domus

185 4301 517 4380 introducendam:
545 4319 634 4381 tunc
660 4310 760 4383 enim
784 4311 999 4407 imaginatio
1017 4311 1187 4407 procedit
1210 4338 1235 4387 a

186 4418 342 4494 materia
358 4416 407 4494 ud
420 4421 761 4516 compunctionem,
776 4423 862 4498 inde
876 4425 924 4498 ad
936 4425 1233 4518 fundamentum,
