2656 5136
79 613 151 680 262
451 627 734 683 ostncntonns

9 819 39 860 ιο
80 818 166 868 nem
182 805 317 891 praeter
339 795 440 870 illam
457 820 541 894 quae
557 797 725 870 consistit
741 796 780 870 in
798 795 1035 870 similitudine
1052 796 1118 868 rei.

79 908 182 982 Idem
201 908 273 981 diei
289 922 415 1005 posset
432 909 479 983 de
494 909 695 984 voluntate.

130 1023 313 1096 Praeterea
326 1023 519 1098 affirmatio
533 1034 571 1098 et
583 1024 734 1120 negatio
746 1047 822 1097 non
835 1034 921 1096 sunt
935 1022 1014 1095 sine
1029 1045 1120 1094 voce

80 1148 119 1209 et
131 1135 447 1231 appellationibus.
474 1137 533 1210 lta
544 1147 586 1210 ut
598 1138 800 1210 animantia
815 1138 926 1210 bruta
942 1160 1017 1209 non
1034 1159 1120 1231 pos-

80 1260 166 1322 sunt
179 1249 360 1322 affirmare
373 1272 493 1345 neque
501 1272 649 1346 negare,
659 1274 706 1323 ne
717 1250 939 1345 cogitatione
951 1247 1120 1345 quidem:

80 1360 236 1457 ideoque
252 1385 372 1458 neque
384 1361 562 1458 judicare.
605 1362 780 1436 Attamen
798 1363 975 1458 cogitatio
993 1361 1120 1433 similis

80 1485 201 1570 potest
227 1498 305 1547 esse
330 1476 369 1548 in
395 1475 545 1549 homine
565 1486 605 1548 et
628 1474 758 1549 bestia.
809 1475 907 1548 Nam
925 1498 1009 1547 cum
1027 1474 1120 1546 affir-

80 1612 222 1661 mamus
238 1589 424 1663 hominem
436 1613 597 1678 currere,
608 1613 683 1663 non
700 1589 877 1662 habemus
893 1588 1001 1661 aliam
1020 1587 1120 1680 cogi-

80 1701 258 1774 tationem
274 1703 321 1775 ab
338 1726 382 1776 ea
399 1726 509 1800 qnam
525 1702 639 1776 habet
655 1703 756 1775 canis
768 1701 896 1774 videns
909 1713 1121 1773 currentem

81 1813 270 1887 dominum
287 1838 405 1889 suum.
456 1813 561 1888 Nihil
586 1814 701 1912 igitur
720 1813 826 1887 addit
850 1814 1044 1886 affirmatio
1062 1812 1122 1884 vel

81 1928 232 2023 negatio
250 1927 537 2023 cogitationibus
558 1927 795 2023 simplicibus,
812 1926 883 1999 nisi
902 1926 999 1999 forte
1023 1926 1121 2020 cogi·

81 2040 260 2113 tationem
274 2040 373 2136 quod
390 2039 541 2113 nomina
551 2064 598 2114 ex
612 2040 745 2137 quibus
755 2051 901 2112 constat
913 2039 1121 2124 affirmatio,

82 2153 156 2225 sint
181 2155 331 2226 nomina
356 2151 519 2249 ejusdem
536 2153 591 2226 rei
607 2152 646 2225 in
666 2153 895 2225 affirmante:
922 2150 1021 2247 quod
1046 2175 1121 2224 non

82 2279 139 2338 est
156 2265 351 2358 complecti
368 2263 593 2361 cogitatione
615 2263 809 2360 plusquam
835 2264 889 2336 rei
913 2263 1122 2336 similitudi-

81 2401 178 2466 nem,
197 2377 262 2450 sed
279 2377 432 2450 eandem
450 2377 725 2450 similitudinem
743 2378 811 2450 bis.

479 2599 722 2653 RESPONSIO.

133 2705 202 2778 Per
228 2729 267 2777 se
294 2716 424 2778 notum
451 2717 517 2796 est,
545 2704 646 2778 aliud
669 2730 747 2778 esse
771 2705 894 2778 videre
917 2704 1061 2778 leonem
1086 2719 1124 2778 et

84 2818 191 2891 simul
204 2819 306 2892 illum
317 2819 459 2906 timere,
471 2844 581 2915 quam
592 2831 736 2892 tantum
750 2820 852 2892 illum
863 2820 1006 2892 videre:
1021 2821 1123 2907 item,

83 2931 184 3005 aliud
208 2956 285 3005 esse
309 2931 434 3005 videre
459 2932 645 3005 homiuem
670 2945 890 3020 currentem,
916 2957 1026 3028 quam
1054 2935 1124 3004 sibi

83 3046 154 3141 ipsi
179 3046 360 3119 affirmare
386 3070 424 3118 se
445 3045 548 3118 illum
570 3045 706 3135 videre,
725 3046 824 3142 quod
850 3047 893 3117 fit
919 3047 997 3116 sine
1019 3071 1121 3118 voce.

84 3156 260 3255 Nihilque
277 3158 338 3231 hic
355 3157 608 3231 animadverto
628 3159 727 3255 quod
747 3172 854 3254 egeat
875 3159 1123 3253 responsione.

455 3354 656 3407 OBJECTIO
676 3355 752 3405 Vll.

84 3473 265 3570 Superest
290 3483 331 3546 rit
356 3473 556 3546 examinem
577 3498 648 3568 qua
671 3473 818 3544 ratione
837 3473 954 3544 ideam
972 3472 1082 3543 iatam
1100 3498 1126 3543 a

134 3586 218 3658 Dec
236 3587 377 3682 accepi.
430 3585 561 3683 Neque
577 3587 672 3659 enim
696 3585 800 3659 illam
817 3586 984 3658 sensibus
1002 3586 1125 3674 haeai,

135 3724 201 3770 nec
234 3724 393 3795 anquam
425 3723 495 3770 raon
527 3700 742 3796 expectanti
776 3699 862 3771 milri
892 3700 1054 3787 advenit,
1085 3711 1127 3771 ut

135 3811 256 3884 colent
273 3834 399 3883 rernm
415 3810 646 3884 aemibilium
664 3812 760 3884 ideoe
777 3837 857 3884 cum
876 3814 969 3908 ipscc
982 3836 1044 3883 rea
1062 3838 1126 3883 ea-

137 3924 254 3996 ternia
271 3947 439 3996 censuum
454 3925 612 4022 organis
630 3935 835 4013 occurrunt,
855 3925 914 3997 cel
930 3950 1128 3997 occurrere

135 4038 324 4110 videntur:
343 4062 409 4110 nec
424 4037 573 4109 etiama
584 4063 639 4110 me
656 4039 775 4133 efficto
792 4048 859 4124 eat,
873 4064 955 4110 nam
974 4038 1067 4110 nihil
1079 4038 1127 4109 ud

135 4175 181 4224 ea
204 4149 414 4238 detrahere,
433 4148 528 4221 nihil
548 4149 607 4222 illi
629 4152 888 4248 superaddere
905 4151 1024 4247 plane
1039 4176 1128 4247 poa-

136 4289 225 4337 aum.
279 4261 335 4334 Ac
358 4262 519 4359 proinde
545 4274 717 4360 superest
741 4275 782 4336 ut
806 4264 894 4336 milri
914 4265 967 4335 ait
985 4265 1127 4348 innata,

136 4376 435 4476 quemadmodum
453 4376 541 4449 milri
558 4387 616 4450 eat
632 4378 761 4450 innata
780 4378 865 4450 idea
883 4378 953 4449 mei
971 4379 1101 4475 ipsius.

138 4517 176 4591 Si
194 4542 268 4590 non
282 4515 391 4590 detur
402 4515 471 4589 Dei
487 4515 581 4606 idea,
592 4516 680 4606 (nou
695 4530 818 4588 autem
832 4518 1008 4611 probatur
1022 4517 1127 4610 dari),
