<?xml version="1.0" encoding="UTF-8"?>
<!DOCTYPE html PUBLIC "-//W3C//DTD XHTML 1.0 Transitional//EN"
    "http://www.w3.org/TR/xhtml1/DTD/xhtml1-transitional.dtd">
<html xmlns="http://www.w3.org/1999/xhtml" xml:lang="en" lang="en">
 <head>
  <title>
</title>
<meta http-equiv="Content-Type" content="text/html;charset=utf-8" />
  <meta name='ocr-system' content='tesseract 3.04.00' />
  <meta name='ocr-capabilities' content='ocr_page ocr_carea ocr_par ocr_line ocrx_word'/>
</head>
<body>
  <div class='ocr_page' id='page_1' title='image "./thomhobbesmalme00hobbgoog_0303.png"; bbox 0 0 2656 5136; ppageno 0'>
   <div class='ocr_carea' id='block_1_1' title="bbox 201 605 836 675">
    <p class='ocr_par' dir='ltr' id='par_1_1' title="bbox 201 605 836 675">
     <span class='ocr_line' id='line_1_1' title="bbox 201 605 836 675; baseline 0.003 -4"><span class='ocrx_word' id='word_1_1' title='bbox 201 605 275 673; x_wconf 76' lang='lat'><strong>292</strong></span> <span class='ocrx_word' id='word_1_2' title='bbox 611 619 836 675; x_wconf 77' lang='lat' dir='ltr'><strong>aeternnm.</strong></span> 
     </span>
    </p>
   </div>
   <div class='ocr_carea' id='block_1_2' title="bbox 20 786 1270 4630">
    <p class='ocr_par' dir='ltr' id='par_1_2' title="bbox 20 786 1263 908">
     <span class='ocr_line' id='line_1_2' title="bbox 20 786 1263 908; baseline 0.003 -48"><span class='ocrx_word' id='word_1_3' title='bbox 20 796 157 908; x_wconf 40' lang='lat' dir='ltr'><strong>{ME</strong></span> <span class='ocrx_word' id='word_1_4' title='bbox 106 798 173 844; x_wconf 69' lang='lat' dir='ltr'><strong>md</strong></span> <span class='ocrx_word' id='word_1_5' title='bbox 201 810 272 861; x_wconf 87' lang='lat' dir='ltr'><strong>nus</strong></span> <span class='ocrx_word' id='word_1_6' title='bbox 295 787 491 863; x_wconf 87' lang='lat' dir='ltr'><strong>Descartes</strong></span> <span class='ocrx_word' id='word_1_7' title='bbox 517 786 747 863; x_wconf 82' lang='lat' dir='ltr'><strong>demonstret</strong></span> <span class='ocrx_word' id='word_1_8' title='bbox 773 786 953 887; x_wconf 88' lang='lat' dir='ltr'><strong>aliquid</strong></span> <span class='ocrx_word' id='word_1_9' title='bbox 942 812 983 863; x_wconf 91' lang='lat' dir='ltr'><strong>m</strong></span> <span class='ocrx_word' id='word_1_10' title='bbox 1008 788 1263 865; x_wconf 86' lang='lat' dir='ltr'><strong>contrarium.</strong></span> 
     </span>
    </p>

    <p class='ocr_par' dir='ltr' id='par_1_3' title="bbox 20 900 1270 2335">
     <span class='ocr_line' id='line_1_3' title="bbox 20 900 1264 1001; baseline 0.003 -27.514"><span class='ocrx_word' id='word_1_11' title='bbox 20 900 299 974; x_wconf 53' lang='lat' dir='ltr'><strong>-w-uNam</strong></span> <span class='ocrx_word' id='word_1_12' title='bbox 318 901 592 998; x_wconf 77' lang='lat' dir='ltr'><strong>suppositiones</strong></span> <span class='ocrx_word' id='word_1_13' title='bbox 614 903 688 977; x_wconf 80' lang='lat' dir='ltr'><strong>illoe</strong></span> <span class='ocrx_word' id='word_1_14' title='bbox 714 902 761 977; x_wconf 88' lang='lat' dir='ltr'><strong>de</strong></span> <span class='ocrx_word' id='word_1_15' title='bbox 783 926 960 1001; x_wconf 87' lang='lat' dir='ltr'><strong>purorum</strong></span> <span class='ocrx_word' id='word_1_16' title='bbox 976 902 1207 999; x_wconf 89' lang='lat' dir='ltr'><strong>parietibus,</strong></span> <span class='ocrx_word' id='word_1_17' title='bbox 1224 912 1264 979; x_wconf 91' lang='lat' dir='ltr'><strong>et</strong></span> 
     </span>
     <span class='ocr_line' id='line_1_4' title="bbox 203 1012 1265 1115; baseline 0.005 -28"><span class='ocrx_word' id='word_1_18' title='bbox 203 1012 249 1087; x_wconf 93' lang='lat' dir='ltr'><strong>de</strong></span> <span class='ocrx_word' id='word_1_19' title='bbox 266 1014 444 1089; x_wconf 86' lang='lat' dir='ltr'><strong>velociori</strong></span> <span class='ocrx_word' id='word_1_20' title='bbox 464 1026 569 1090; x_wconf 91' lang='lat' dir='ltr'><strong>motu</strong></span> <span class='ocrx_word' id='word_1_21' title='bbox 591 1016 775 1091; x_wconf 89' lang='lat' dir='ltr'><strong>luminis</strong></span> <span class='ocrx_word' id='word_1_22' title='bbox 765 1040 805 1091; x_wconf 90' lang='grc' dir='ltr'><strong>ιιι</strong></span> <span class='ocrx_word' id='word_1_23' title='bbox 825 1016 919 1091; x_wconf 89' lang='lat' dir='ltr'><strong>duro</strong></span> <span class='ocrx_word' id='word_1_24' title='bbox 936 1040 1047 1115; x_wconf 94' lang='lat' dir='ltr'><strong>quam</strong></span> <span class='ocrx_word' id='word_1_25' title='bbox 1072 1016 1115 1091; x_wconf 93' lang='lat' dir='ltr'><strong>in</strong></span> <span class='ocrx_word' id='word_1_26' title='bbox 1141 1016 1265 1107; x_wconf 83' lang='lat' dir='ltr'><strong>molli,</strong></span> 
     </span>
     <span class='ocr_line' id='line_1_5' title="bbox 201 1127 1267 1229; baseline 0.007 -29"><span class='ocrx_word' id='word_1_27' title='bbox 201 1128 289 1201; x_wconf 92' lang='lat' dir='ltr'><strong>vel</strong></span> <span class='ocrx_word' id='word_1_28' title='bbox 278 1152 317 1201; x_wconf 89' lang='grc' dir='ltr'><strong>ιιι</strong></span> <span class='ocrx_word' id='word_1_29' title='bbox 332 1127 447 1202; x_wconf 91' lang='lat' dir='ltr'><strong>denso</strong></span> <span class='ocrx_word' id='word_1_30' title='bbox 461 1153 573 1225; x_wconf 90' lang='lat' dir='ltr'><strong>quam</strong></span> <span class='ocrx_word' id='word_1_31' title='bbox 589 1129 630 1205; x_wconf 91' lang='lat' dir='ltr'><strong>iu</strong></span> <span class='ocrx_word' id='word_1_32' title='bbox 645 1154 731 1205; x_wconf 89' lang='lat' dir='ltr'><strong>raro</strong></span> <span class='ocrx_word' id='word_1_33' title='bbox 746 1131 847 1223; x_wconf 90' lang='lat' dir='ltr'><strong>(utro</strong></span> <span class='ocrx_word' id='word_1_34' title='bbox 861 1131 960 1206; x_wconf 91' lang='lat' dir='ltr'><strong>enim</strong></span> <span class='ocrx_word' id='word_1_35' title='bbox 973 1130 1089 1205; x_wconf 93' lang='lat' dir='ltr'><strong>modo</strong></span> <span class='ocrx_word' id='word_1_36' title='bbox 1102 1130 1267 1229; x_wconf 84' lang='lat' dir='ltr'><strong>loquen-</strong></span> 
     </span>
     <span class='ocr_line' id='line_1_6' title="bbox 203 1240 1266 1331; baseline 0.007 -18"><span class='ocrx_word' id='word_1_37' title='bbox 203 1240 293 1314; x_wconf 92' lang='lat' dir='ltr'><strong>dum</strong></span> <span class='ocrx_word' id='word_1_38' title='bbox 309 1242 358 1314; x_wconf 91' lang='lat' dir='ltr'><strong>sit</strong></span> <span class='ocrx_word' id='word_1_39' title='bbox 381 1241 517 1330; x_wconf 91' lang='lat' dir='ltr'><strong>nescio,</strong></span> <span class='ocrx_word' id='word_1_40' title='bbox 538 1241 659 1317; x_wconf 91' lang='lat' dir='ltr'><strong>donec</strong></span> <span class='ocrx_word' id='word_1_41' title='bbox 678 1242 770 1317; x_wconf 91' lang='lat' dir='ltr'><strong>mihi</strong></span> <span class='ocrx_word' id='word_1_42' title='bbox 793 1243 1027 1319; x_wconf 87' lang='lat' dir='ltr'><strong>definitiones</strong></span> <span class='ocrx_word' id='word_1_43' title='bbox 1049 1266 1140 1319; x_wconf 87' lang='lat' dir='ltr'><strong>suas</strong></span> <span class='ocrx_word' id='word_1_44' title='bbox 1159 1242 1266 1331; x_wconf 71' lang='lat' dir='ltr'><strong>duri,</strong></span> 
     </span>
     <span class='ocr_line' id='line_1_7' title="bbox 203 1352 1267 1454; baseline 0.005 -28"><span class='ocrx_word' id='word_1_45' title='bbox 203 1352 339 1442; x_wconf 78' lang='lat' dir='ltr'><strong>moltis,</strong></span> <span class='ocrx_word' id='word_1_46' title='bbox 351 1352 469 1445; x_wconf 77' lang='lat' dir='ltr'><strong>denti,</strong></span> <span class='ocrx_word' id='word_1_47' title='bbox 482 1366 521 1429; x_wconf 90' lang='lat' dir='ltr'><strong>et</strong></span> <span class='ocrx_word' id='word_1_48' title='bbox 532 1355 620 1428; x_wconf 81' lang='lat' dir='ltr'><strong>rari</strong></span> <span class='ocrx_word' id='word_1_49' title='bbox 632 1355 971 1444; x_wconf 89' lang='lat' dir='ltr'><strong>communicaverit,</strong></span> <span class='ocrx_word' id='word_1_50' title='bbox 981 1355 1085 1454; x_wconf 91' lang='lat' dir='ltr'><strong>qnod</strong></span> <span class='ocrx_word' id='word_1_51' title='bbox 1098 1356 1140 1430; x_wconf 93' lang='lat' dir='ltr'><strong>in</strong></span> <span class='ocrx_word' id='word_1_52' title='bbox 1155 1355 1267 1431; x_wconf 81' lang='lat' dir='ltr'><strong>libris</strong></span> 
     </span>
     <span class='ocr_line' id='line_1_8' title="bbox 202 1466 1268 1565; baseline 0.006 -26"><span class='ocrx_word' id='word_1_53' title='bbox 202 1467 279 1539; x_wconf 88' lang='lat' dir='ltr'><strong>suis</strong></span> <span class='ocrx_word' id='word_1_54' title='bbox 303 1491 380 1540; x_wconf 90' lang='lat' dir='ltr'><strong>nou</strong></span> <span class='ocrx_word' id='word_1_55' title='bbox 404 1467 511 1560; x_wconf 86' lang='lat' dir='ltr'><strong>fecit)</strong></span> <span class='ocrx_word' id='word_1_56' title='bbox 531 1468 719 1558; x_wconf 85' lang='lat' dir='ltr'><strong>aberrant,</strong></span> <span class='ocrx_word' id='word_1_57' title='bbox 744 1490 828 1542; x_wconf 86' lang='lat' dir='ltr'><strong>mea</strong></span> <span class='ocrx_word' id='word_1_58' title='bbox 845 1466 995 1565; x_wconf 88' lang='lat' dir='ltr'><strong>quidem</strong></span> <span class='ocrx_word' id='word_1_59' title='bbox 1012 1468 1225 1559; x_wconf 83' lang='lat' dir='ltr'><strong>sententia,</strong></span> <span class='ocrx_word' id='word_1_60' title='bbox 1242 1494 1268 1545; x_wconf 93' lang='lat' dir='ltr'><strong>a</strong></span> 
     </span>
     <span class='ocr_line' id='line_1_9' title="bbox 203 1579 792 1656; baseline 0.003 -3"><span class='ocrx_word' id='word_1_61' title='bbox 203 1604 292 1655; x_wconf 90' lang='lat' dir='ltr'><strong>vera</strong></span> <span class='ocrx_word' id='word_1_62' title='bbox 308 1579 484 1654; x_wconf 87' lang='lat' dir='ltr'><strong>methodo</strong></span> <span class='ocrx_word' id='word_1_63' title='bbox 502 1579 792 1656; x_wconf 86' lang='lat' dir='ltr'><strong>demonstrandi.</strong></span> 
     </span>
     <span class='ocr_line' id='line_1_10' title="bbox 197 1692 1269 1782; baseline 0.005 -16"><span class='ocrx_word' id='word_1_64' title='bbox 197 1722 200 1729; x_wconf 95' lang='lat'>·</span> <span class='ocrx_word' id='word_1_65' title='bbox 253 1693 377 1782; x_wconf 90' lang='lat' dir='ltr'><strong>Nono,</strong></span> <span class='ocrx_word' id='word_1_66' title='bbox 395 1693 526 1768; x_wconf 88' lang='lat' dir='ltr'><strong>scribis</strong></span> <span class='ocrx_word' id='word_1_67' title='bbox 548 1694 698 1769; x_wconf 91' lang='lat' dir='ltr'><strong>domino</strong></span> <span class='ocrx_word' id='word_1_68' title='bbox 716 1694 914 1768; x_wconf 87' lang='lat' dir='ltr'><strong>Descartes</strong></span> <span class='ocrx_word' id='word_1_69' title='bbox 931 1692 1050 1767; x_wconf 86' lang='lat' dir='ltr'><strong>rideri</strong></span> <span class='ocrx_word' id='word_1_70' title='bbox 1074 1716 1139 1769; x_wconf 89' lang='lat' dir='ltr'><strong>me</strong></span> <span class='ocrx_word' id='word_1_71' title='bbox 1167 1695 1269 1771; x_wconf 90' lang='lat' dir='ltr'><strong>nihil</strong></span> 
     </span>
     <span class='ocr_line' id='line_1_11' title="bbox 202 1806 1268 1904; baseline 0.003 -24"><span class='ocrx_word' id='word_1_72' title='bbox 202 1807 369 1881; x_wconf 87' lang='lat' dir='ltr'><strong>attulisse</strong></span> <span class='ocrx_word' id='word_1_73' title='bbox 386 1820 517 1881; x_wconf 90' lang='lat' dir='ltr'><strong>contra</strong></span> <span class='ocrx_word' id='word_1_74' title='bbox 535 1806 888 1883; x_wconf 78' lang='lat' dir='ltr'><strong>demonstrationem</strong></span> <span class='ocrx_word' id='word_1_75' title='bbox 910 1808 990 1904; x_wconf 87' lang='lat' dir='ltr'><strong>ejus</strong></span> <span class='ocrx_word' id='word_1_76' title='bbox 1006 1806 1268 1903; x_wconf 76' lang='lat' dir='ltr'><strong>retractionis,</strong></span> 
     </span>
     <span class='ocr_line' id='line_1_12' title="bbox 202 1919 1270 2018; baseline 0.006 -26"><span class='ocrx_word' id='word_1_77' title='bbox 202 1943 314 2018; x_wconf 92' lang='lat' dir='ltr'><strong>quam</strong></span> <span class='ocrx_word' id='word_1_78' title='bbox 333 1933 457 1994; x_wconf 89' lang='lat' dir='ltr'><strong>tamen</strong></span> <span class='ocrx_word' id='word_1_79' title='bbox 470 1919 732 1995; x_wconf 76' lang='lat' dir='ltr'><strong>damnaveram</strong></span> <span class='ocrx_word' id='word_1_80' title='bbox 747 1947 757 1993; x_wconf 77' lang='lat' dir='ltr'><strong>r</strong></span> <span class='ocrx_word' id='word_1_81' title='bbox 773 1942 894 2017; x_wconf 89' lang='lat' dir='ltr'><strong>neque</strong></span> <span class='ocrx_word' id='word_1_82' title='bbox 907 1919 1113 1995; x_wconf 82' lang='lat' dir='ltr'><strong>advertisse</strong></span> <span class='ocrx_word' id='word_1_83' title='bbox 1130 1920 1270 1999; x_wconf 87' lang='lat' dir='ltr'><strong>differ-</strong></span> 
     </span>
     <span class='ocr_line' id='line_1_13' title="bbox 203 2033 1268 2135; baseline 0.004 -26"><span class='ocrx_word' id='word_1_84' title='bbox 203 2034 342 2109; x_wconf 89' lang='lat' dir='ltr'><strong>entiam</strong></span> <span class='ocrx_word' id='word_1_85' title='bbox 359 2058 444 2132; x_wconf 86' lang='lat' dir='ltr'><strong>quae</strong></span> <span class='ocrx_word' id='word_1_86' title='bbox 456 2046 513 2109; x_wconf 88' lang='lat' dir='ltr'><strong>est</strong></span> <span class='ocrx_word' id='word_1_87' title='bbox 528 2034 629 2108; x_wconf 87' lang='lat' dir='ltr'><strong>inter</strong></span> <span class='ocrx_word' id='word_1_88' title='bbox 644 2033 905 2108; x_wconf 76' lang='lat' dir='ltr'><strong>refractionem</strong></span> <span class='ocrx_word' id='word_1_89' title='bbox 921 2033 1006 2131; x_wconf 78' lang='lat' dir='ltr'><strong>pilu·</strong></span> <span class='ocrx_word' id='word_1_90' title='bbox 1022 2033 1268 2135; x_wconf 88' lang='lat' dir='ltr'><strong>aliorumque</strong></span> 
     </span>
     <span class='ocr_line' id='line_1_14' title="bbox 203 2144 1270 2245; baseline 0.002 -22"><span class='ocrx_word' id='word_1_91' title='bbox 203 2171 400 2245; x_wconf 91' lang='lat' dir='ltr'><strong>corporum</strong></span> <span class='ocrx_word' id='word_1_92' title='bbox 425 2149 465 2222; x_wconf 95' lang='lat' dir='ltr'><strong>in</strong></span> <span class='ocrx_word' id='word_1_93' title='bbox 490 2170 625 2245; x_wconf 86' lang='lat' dir='ltr'><strong>aquam</strong></span> <span class='ocrx_word' id='word_1_94' title='bbox 650 2144 906 2237; x_wconf 88' lang='lat' dir='ltr'><strong>incidentium,</strong></span> <span class='ocrx_word' id='word_1_95' title='bbox 924 2159 965 2221; x_wconf 92' lang='lat' dir='ltr'><strong>et</strong></span> <span class='ocrx_word' id='word_1_96' title='bbox 989 2146 1270 2225; x_wconf 81' lang='lat' dir='ltr'><strong>refractionem</strong></span> 
     </span>
     <span class='ocr_line' id='line_1_15' title="bbox 201 2260 364 2335; baseline 0 0"><span class='ocrx_word' id='word_1_97' title='bbox 201 2260 364 2335; x_wconf 90' lang='lat' dir='ltr'><strong>luminis.</strong></span> 
     </span>
    </p>

    <p class='ocr_par' dir='ltr' id='par_1_4' title="bbox 198 2371 1268 4630">
     <span class='ocr_line' id='line_1_16' title="bbox 254 2371 1268 2471; baseline 0.004 -23"><span class='ocrx_word' id='word_1_98' title='bbox 254 2372 496 2471; x_wconf 83' lang='lat' dir='ltr'><strong>Respondeo:</strong></span> <span class='ocrx_word' id='word_1_99' title='bbox 522 2396 582 2447; x_wconf 94' lang='lat' dir='ltr'><strong>me</strong></span> <span class='ocrx_word' id='word_1_100' title='bbox 604 2372 705 2446; x_wconf 93' lang='lat' dir='ltr'><strong>illam</strong></span> <span class='ocrx_word' id='word_1_101' title='bbox 729 2371 1006 2447; x_wconf 83' lang='lat' dir='ltr'><strong>distinctionem</strong></span> <span class='ocrx_word' id='word_1_102' title='bbox 1023 2385 1064 2447; x_wconf 89' lang='lat' dir='ltr'><strong>et</strong></span> <span class='ocrx_word' id='word_1_103' title='bbox 1086 2375 1268 2451; x_wconf 87' lang='lat' dir='ltr'><strong>animad-</strong></span> 
     </span>
     <span class='ocr_line' id='line_1_17' title="bbox 202 2485 1267 2582; baseline 0.002 -21"><span class='ocrx_word' id='word_1_104' title='bbox 202 2488 356 2562; x_wconf 89' lang='lat' dir='ltr'><strong>vertisse</strong></span> <span class='ocrx_word' id='word_1_105' title='bbox 376 2498 415 2561; x_wconf 91' lang='lat' dir='ltr'><strong>et</strong></span> <span class='ocrx_word' id='word_1_106' title='bbox 440 2485 624 2559; x_wconf 79' lang='lat' dir='ltr'><strong>attulisset</strong></span> <span class='ocrx_word' id='word_1_107' title='bbox 651 2509 784 2582; x_wconf 90' lang='lat' dir='ltr'><strong>nempe</strong></span> <span class='ocrx_word' id='word_1_108' title='bbox 801 2486 902 2559; x_wconf 91' lang='lat' dir='ltr'><strong>illam</strong></span> <span class='ocrx_word' id='word_1_109' title='bbox 919 2486 1035 2580; x_wconf 88' lang='lat' dir='ltr'><strong>ipsam</strong></span> <span class='ocrx_word' id='word_1_110' title='bbox 1054 2510 1170 2582; x_wconf 89' lang='lat' dir='ltr'><strong>quarn</strong></span> <span class='ocrx_word' id='word_1_111' title='bbox 1201 2488 1267 2563; x_wconf 88' lang='lat' dir='ltr'><strong>ille</strong></span> 
     </span>
     <span class='ocr_line' id='line_1_18' title="bbox 202 2599 1266 2698; baseline 0.003 -23"><span class='ocrx_word' id='word_1_112' title='bbox 202 2624 314 2698; x_wconf 88' lang='lat' dir='ltr'><strong>supra</strong></span> <span class='ocrx_word' id='word_1_113' title='bbox 331 2600 520 2674; x_wconf 90' lang='lat' dir='ltr'><strong>damnavit</strong></span> <span class='ocrx_word' id='word_1_114' title='bbox 533 2611 651 2694; x_wconf 81' lang='lat' dir='ltr'><strong>etego</strong></span> <span class='ocrx_word' id='word_1_115' title='bbox 667 2599 826 2673; x_wconf 81' lang='lat' dir='ltr'><strong>defendi.</strong></span> <span class='ocrx_word' id='word_1_116' title='bbox 863 2600 997 2673; x_wconf 90' lang='lat' dir='ltr'><strong>Utrum</strong></span> <span class='ocrx_word' id='word_1_117' title='bbox 1016 2612 1146 2673; x_wconf 89' lang='lat' dir='ltr'><strong>antem</strong></span> <span class='ocrx_word' id='word_1_118' title='bbox 1166 2602 1266 2678; x_wconf 91' lang='lat' dir='ltr'><strong>nihil</strong></span> 
     </span>
     <span class='ocr_line' id='line_1_19' title="bbox 203 2714 1265 2811; baseline 0.003 -22"><span class='ocrx_word' id='word_1_119' title='bbox 203 2715 391 2789; x_wconf 88' lang='lat' dir='ltr'><strong>attulerim</strong></span> <span class='ocrx_word' id='word_1_120' title='bbox 422 2727 554 2788; x_wconf 89' lang='lat' dir='ltr'><strong>contra</strong></span> <span class='ocrx_word' id='word_1_121' title='bbox 583 2715 662 2810; x_wconf 82' lang='lat' dir='ltr'><strong>ejus</strong></span> <span class='ocrx_word' id='word_1_122' title='bbox 693 2714 976 2811; x_wconf 85' lang='lat' dir='ltr'><strong>explicationem</strong></span> <span class='ocrx_word' id='word_1_123' title='bbox 1006 2715 1265 2806; x_wconf 85' lang='lat' dir='ltr'><strong>refractionis,</strong></span> 
     </span>
     <span class='ocr_line' id='line_1_20' title="bbox 198 2825 1264 2925; baseline 0.005 -25"><span class='ocrx_word' id='word_1_124' title='bbox 198 2827 384 2925; x_wconf 86' lang='lat' dir='ltr'><strong>judicabis</strong></span> <span class='ocrx_word' id='word_1_125' title='bbox 395 2840 449 2917; x_wconf 90' lang='lat' dir='ltr'><strong>tu,</strong></span> <span class='ocrx_word' id='word_1_126' title='bbox 461 2825 780 2900; x_wconf 90' lang='lat' dir='ltr'><strong>Reverendissime</strong></span> <span class='ocrx_word' id='word_1_127' title='bbox 792 2827 912 2914; x_wconf 89' lang='lat' dir='ltr'><strong>Pater,</strong></span> <span class='ocrx_word' id='word_1_128' title='bbox 925 2827 988 2923; x_wconf 92' lang='lat' dir='ltr'><strong>qui</strong></span> <span class='ocrx_word' id='word_1_129' title='bbox 1001 2828 1118 2923; x_wconf 89' lang='lat' dir='ltr'><strong>ipsam</strong></span> <span class='ocrx_word' id='word_1_130' title='bbox 1134 2854 1264 2905; x_wconf 88' lang='lat' dir='ltr'><strong>meam</strong></span> 
     </span>
     <span class='ocr_line' id='line_1_21' title="bbox 202 2939 1263 3040; baseline 0.002 -25"><span class='ocrx_word' id='word_1_131' title='bbox 202 2941 395 3038; x_wconf 89' lang='lat' dir='ltr'><strong>epistolam</strong></span> <span class='ocrx_word' id='word_1_132' title='bbox 413 2939 513 3037; x_wconf 90' lang='lat' dir='ltr'><strong>apud</strong></span> <span class='ocrx_word' id='word_1_133' title='bbox 530 2954 567 3014; x_wconf 91' lang='lat' dir='ltr'><strong>te</strong></span> <span class='ocrx_word' id='word_1_134' title='bbox 584 2940 709 3014; x_wconf 90' lang='lat' dir='ltr'><strong>habes.</strong></span> <span class='ocrx_word' id='word_1_135' title='bbox 762 2941 969 3013; x_wconf 85' lang='lat' dir='ltr'><strong>Confitetur</strong></span> <span class='ocrx_word' id='word_1_136' title='bbox 996 2955 1124 3014; x_wconf 85' lang='lat' dir='ltr'><strong>tamen</strong></span> <span class='ocrx_word' id='word_1_137' title='bbox 1152 2944 1263 3040; x_wconf 90' lang='lat' dir='ltr'><strong>obje-</strong></span> 
     </span>
     <span class='ocr_line' id='line_1_22' title="bbox 202 3051 1264 3151; baseline 0.003 -22"><span class='ocrx_word' id='word_1_138' title='bbox 202 3056 296 3129; x_wconf 87' lang='lat' dir='ltr'><strong>cisse</strong></span> <span class='ocrx_word' id='word_1_139' title='bbox 319 3078 378 3129; x_wconf 91' lang='lat' dir='ltr'><strong>me</strong></span> <span class='ocrx_word' id='word_1_140' title='bbox 398 3053 681 3151; x_wconf 86' lang='lat' dir='ltr'><strong>repugnantiam</strong></span> <span class='ocrx_word' id='word_1_141' title='bbox 699 3051 884 3149; x_wconf 85' lang='lat' dir='ltr'><strong>quandam</strong></span> <span class='ocrx_word' id='word_1_142' title='bbox 911 3076 996 3125; x_wconf 91' lang='lat' dir='ltr'><strong>cum</strong></span> <span class='ocrx_word' id='word_1_143' title='bbox 1023 3056 1264 3150; x_wconf 81' lang='lat' dir='ltr'><strong>experientis</strong></span> 
     </span>
     <span class='ocr_line' id='line_1_23' title="bbox 200 3166 1259 3266; baseline 0.004 -25"><span class='ocrx_word' id='word_1_144' title='bbox 200 3169 240 3242; x_wconf 92' lang='lat' dir='ltr'><strong>iu</strong></span> <span class='ocrx_word' id='word_1_145' title='bbox 256 3168 452 3266; x_wconf 87' lang='lat' dir='ltr'><strong>hypothesi</strong></span> <span class='ocrx_word' id='word_1_146' title='bbox 471 3169 563 3265; x_wconf 80' lang='lat' dir='ltr'><strong>ejus,</strong></span> <span class='ocrx_word' id='word_1_147' title='bbox 578 3166 679 3265; x_wconf 90' lang='lat' dir='ltr'><strong>qnod</strong></span> <span class='ocrx_word' id='word_1_148' title='bbox 691 3179 792 3239; x_wconf 89' lang='lat' dir='ltr'><strong>certe</strong></span> <span class='ocrx_word' id='word_1_149' title='bbox 806 3166 926 3263; x_wconf 91' lang='lat' dir='ltr'><strong>ipsum</strong></span> <span class='ocrx_word' id='word_1_150' title='bbox 939 3190 1015 3238; x_wconf 92' lang='lat' dir='ltr'><strong>uon</strong></span> <span class='ocrx_word' id='word_1_151' title='bbox 1029 3180 1087 3240; x_wconf 89' lang='lat' dir='ltr'><strong>est</strong></span> <span class='ocrx_word' id='word_1_152' title='bbox 1100 3191 1259 3263; x_wconf 89' lang='lat' dir='ltr'><strong>parum:</strong></span> 
     </span>
     <span class='ocr_line' id='line_1_24' title="bbox 199 3279 1260 3380; baseline -0.01 -25"><span class='ocrx_word' id='word_1_153' title='bbox 199 3283 260 3356; x_wconf 90' lang='lat' dir='ltr'><strong>cui</strong></span> <span class='ocrx_word' id='word_1_154' title='bbox 272 3296 398 3357; x_wconf 84' lang='lat' dir='ltr'><strong>tumen</strong></span> <span class='ocrx_word' id='word_1_155' title='bbox 412 3281 612 3378; x_wconf 87' lang='lat' dir='ltr'><strong>objectioni</strong></span> <span class='ocrx_word' id='word_1_156' title='bbox 626 3304 701 3353; x_wconf 94' lang='lat' dir='ltr'><strong>non</strong></span> <span class='ocrx_word' id='word_1_157' title='bbox 715 3279 925 3376; x_wconf 89' lang='lat' dir='ltr'><strong>respondet.</strong></span> <span class='ocrx_word' id='word_1_158' title='bbox 952 3280 1158 3354; x_wconf 89' lang='lat' dir='ltr'><strong>Observavi</strong></span> <span class='ocrx_word' id='word_1_159' title='bbox 1173 3286 1260 3380; x_wconf 87' lang='lat' dir='ltr'><strong>qui.</strong></span> 
     </span>
     <span class='ocr_line' id='line_1_25' title="bbox 200 3392 1259 3489; baseline 0 -19"><span class='ocrx_word' id='word_1_160' title='bbox 200 3395 285 3470; x_wconf 91' lang='lat' dir='ltr'><strong>dem</strong></span> <span class='ocrx_word' id='word_1_161' title='bbox 302 3397 340 3470; x_wconf 93' lang='lat' dir='ltr'><strong>in</strong></span> <span class='ocrx_word' id='word_1_162' title='bbox 358 3395 584 3484; x_wconf 89' lang='lat' dir='ltr'><strong>fluminibus,</strong></span> <span class='ocrx_word' id='word_1_163' title='bbox 603 3394 763 3467; x_wconf 91' lang='lat' dir='ltr'><strong>velocius</strong></span> <span class='ocrx_word' id='word_1_164' title='bbox 779 3392 868 3466; x_wconf 89' lang='lat' dir='ltr'><strong>ferri</strong></span> <span class='ocrx_word' id='word_1_165' title='bbox 885 3416 1018 3489; x_wconf 88' lang='lat' dir='ltr'><strong>aquam</strong></span> <span class='ocrx_word' id='word_1_166' title='bbox 1036 3392 1134 3466; x_wconf 90' lang='lat' dir='ltr'><strong>inter</strong></span> <span class='ocrx_word' id='word_1_167' title='bbox 1149 3399 1259 3471; x_wconf 91' lang='lat' dir='ltr'><strong>navi-</strong></span> 
     </span>
     <span class='ocr_line' id='line_1_26' title="bbox 198 3506 1259 3606; baseline 0.002 -23"><span class='ocrx_word' id='word_1_168' title='bbox 198 3511 262 3606; x_wconf 81' lang='lat' dir='ltr'><strong>gia</strong></span> <span class='ocrx_word' id='word_1_169' title='bbox 278 3533 389 3606; x_wconf 89' lang='lat' dir='ltr'><strong>quam</strong></span> <span class='ocrx_word' id='word_1_170' title='bbox 407 3509 561 3582; x_wconf 85' lang='lat' dir='ltr'><strong>liberam</strong></span> <span class='ocrx_word' id='word_1_171' title='bbox 579 3520 617 3581; x_wconf 92' lang='lat' dir='ltr'><strong>et</strong></span> <span class='ocrx_word' id='word_1_172' title='bbox 634 3506 697 3580; x_wconf 91' lang='lat' dir='ltr'><strong>ubi</strong></span> <span class='ocrx_word' id='word_1_173' title='bbox 715 3530 790 3579; x_wconf 92' lang='lat' dir='ltr'><strong>non</strong></span> <span class='ocrx_word' id='word_1_174' title='bbox 807 3506 1018 3601; x_wconf 89' lang='lat' dir='ltr'><strong>impeditur.</strong></span> <span class='ocrx_word' id='word_1_175' title='bbox 1060 3508 1259 3604; x_wconf 82' lang='lat' dir='ltr'><strong>Applicari</strong></span> 
     </span>
     <span class='ocr_line' id='line_1_27' title="bbox 199 3617 1258 3718; baseline 0.002 -21"><span class='ocrx_word' id='word_1_176' title='bbox 199 3636 324 3697; x_wconf 89' lang='lat' dir='ltr'><strong>autem</strong></span> <span class='ocrx_word' id='word_1_177' title='bbox 337 3624 408 3696; x_wconf 92' lang='lat' dir='ltr'><strong>hoc</strong></span> <span class='ocrx_word' id='word_1_178' title='bbox 418 3623 592 3718; x_wconf 84' lang='lat' dir='ltr'><strong>praesenti</strong></span> <span class='ocrx_word' id='word_1_179' title='bbox 604 3620 716 3694; x_wconf 93' lang='lat' dir='ltr'><strong>dubio</strong></span> <span class='ocrx_word' id='word_1_180' title='bbox 731 3644 805 3693; x_wconf 94' lang='lat' dir='ltr'><strong>non</strong></span> <span class='ocrx_word' id='word_1_181' title='bbox 816 3632 950 3715; x_wconf 85' lang='lat' dir='ltr'><strong>potest,</strong></span> <span class='ocrx_word' id='word_1_182' title='bbox 962 3619 1047 3716; x_wconf 91' lang='lat' dir='ltr'><strong>quia</strong></span> <span class='ocrx_word' id='word_1_183' title='bbox 1061 3617 1098 3692; x_wconf 93' lang='lat' dir='ltr'><strong>id</strong></span> <span class='ocrx_word' id='word_1_184' title='bbox 1111 3624 1258 3698; x_wconf 88' lang='lat' dir='ltr'><strong>accidit</strong></span> 
     </span>
     <span class='ocr_line' id='line_1_28' title="bbox 200 3732 1257 3831; baseline 0.001 -22"><span class='ocrx_word' id='word_1_185' title='bbox 200 3759 247 3809; x_wconf 86' lang='lat' dir='ltr'><strong>ex</strong></span> <span class='ocrx_word' id='word_1_186' title='bbox 264 3735 469 3809; x_wconf 90' lang='lat' dir='ltr'><strong>elevatione</strong></span> <span class='ocrx_word' id='word_1_187' title='bbox 485 3759 603 3831; x_wconf 86' lang='lat' dir='ltr'><strong>aqnae,</strong></span> <span class='ocrx_word' id='word_1_188' title='bbox 626 3734 690 3807; x_wconf 94' lang='lat' dir='ltr'><strong>ubi</strong></span> <span class='ocrx_word' id='word_1_189' title='bbox 717 3733 882 3830; x_wconf 89' lang='lat' dir='ltr'><strong>sequitur</strong></span> <span class='ocrx_word' id='word_1_190' title='bbox 908 3746 1029 3806; x_wconf 87' lang='lat' dir='ltr'><strong>motus</strong></span> <span class='ocrx_word' id='word_1_191' title='bbox 1046 3732 1217 3808; x_wconf 89' lang='lat' dir='ltr'><strong>velocior</strong></span> <span class='ocrx_word' id='word_1_192' title='bbox 1233 3763 1257 3810; x_wconf 91' lang='lat' dir='ltr'><strong>a</strong></span> 
     </span>
     <span class='ocr_line' id='line_1_29' title="bbox 199 3846 1256 3945; baseline 0.002 -23"><span class='ocrx_word' id='word_1_193' title='bbox 199 3849 402 3945; x_wconf 85' lang='lat' dir='ltr'><strong>gravitate:</strong></span> <span class='ocrx_word' id='word_1_194' title='bbox 430 3847 531 3944; x_wconf 91' lang='lat' dir='ltr'><strong>quod</strong></span> <span class='ocrx_word' id='word_1_195' title='bbox 547 3848 628 3920; x_wconf 91' lang='lat' dir='ltr'><strong>fieri</strong></span> <span class='ocrx_word' id='word_1_196' title='bbox 645 3872 720 3920; x_wconf 93' lang='lat' dir='ltr'><strong>non</strong></span> <span class='ocrx_word' id='word_1_197' title='bbox 738 3858 862 3943; x_wconf 88' lang='lat' dir='ltr'><strong>potest</strong></span> <span class='ocrx_word' id='word_1_198' title='bbox 883 3847 923 3919; x_wconf 92' lang='lat' dir='ltr'><strong>in</strong></span> <span class='ocrx_word' id='word_1_199' title='bbox 950 3846 1105 3920; x_wconf 89' lang='lat' dir='ltr'><strong>materia</strong></span> <span class='ocrx_word' id='word_1_200' title='bbox 1122 3849 1256 3924; x_wconf 91' lang='lat' dir='ltr'><strong>subtili</strong></span> 
     </span>
     <span class='ocr_line' id='line_1_30' title="bbox 201 3960 1256 4059; baseline 0.002 -23"><span class='ocrx_word' id='word_1_201' title='bbox 201 3962 290 4036; x_wconf 91' lang='lat' dir='ltr'><strong>dnm</strong></span> <span class='ocrx_word' id='word_1_202' title='bbox 307 3975 474 4059; x_wconf 87' lang='lat' dir='ltr'><strong>permeat</strong></span> <span class='ocrx_word' id='word_1_203' title='bbox 490 3985 602 4058; x_wconf 90' lang='lat' dir='ltr'><strong>poros</strong></span> <span class='ocrx_word' id='word_1_204' title='bbox 619 3984 817 4057; x_wconf 91' lang='lat' dir='ltr'><strong>corporum</strong></span> <span class='ocrx_word' id='word_1_205' title='bbox 835 3960 1023 4047; x_wconf 90' lang='lat' dir='ltr'><strong>durorum,</strong></span> <span class='ocrx_word' id='word_1_206' title='bbox 1042 3960 1130 4056; x_wconf 88' lang='lat' dir='ltr'><strong>qnia</strong></span> <span class='ocrx_word' id='word_1_207' title='bbox 1148 3963 1256 4038; x_wconf 85' lang='lat' dir='ltr'><strong>nulla</strong></span> 
     </span>
     <span class='ocr_line' id='line_1_31' title="bbox 199 4074 1256 4174; baseline 0.002 -24"><span class='ocrx_word' id='word_1_208' title='bbox 199 4076 250 4150; x_wconf 92' lang='lat' dir='ltr'><strong>ibi</strong></span> <span class='ocrx_word' id='word_1_209' title='bbox 268 4078 312 4149; x_wconf 89' lang='lat' dir='ltr'><strong>fit</strong></span> <span class='ocrx_word' id='word_1_210' title='bbox 328 4075 496 4164; x_wconf 87' lang='lat' dir='ltr'><strong>elevatio,</strong></span> <span class='ocrx_word' id='word_1_211' title='bbox 510 4099 630 4172; x_wconf 91' lang='lat' dir='ltr'><strong>neque</strong></span> <span class='ocrx_word' id='word_1_212' title='bbox 646 4074 722 4148; x_wconf 92' lang='lat' dir='ltr'><strong>ulla</strong></span> <span class='ocrx_word' id='word_1_213' title='bbox 735 4087 791 4148; x_wconf 86' lang='lat' dir='ltr'><strong>est</strong></span> <span class='ocrx_word' id='word_1_214' title='bbox 808 4075 969 4171; x_wconf 83' lang='lat' dir='ltr'><strong>gravitas</strong></span> <span class='ocrx_word' id='word_1_215' title='bbox 986 4074 1153 4147; x_wconf 87' lang='lat' dir='ltr'><strong>materiae</strong></span> <span class='ocrx_word' id='word_1_216' title='bbox 1172 4079 1256 4174; x_wconf 85' lang='lat' dir='ltr'><strong>ejus</strong></span> 
     </span>
     <span class='ocr_line' id='line_1_32' title="bbox 200 4188 1256 4286; baseline 0.001 -22"><span class='ocrx_word' id='word_1_217' title='bbox 200 4190 357 4265; x_wconf 90' lang='lat' dir='ltr'><strong>subtilis.</strong></span> <span class='ocrx_word' id='word_1_218' title='bbox 410 4189 598 4278; x_wconf 79' lang='lat' dir='ltr'><strong>Similiter,</strong></span> <span class='ocrx_word' id='word_1_219' title='bbox 616 4188 764 4286; x_wconf 90' lang='lat' dir='ltr'><strong>quando</strong></span> <span class='ocrx_word' id='word_1_220' title='bbox 790 4211 924 4284; x_wconf 90' lang='lat' dir='ltr'><strong>corpus</strong></span> <span class='ocrx_word' id='word_1_221' title='bbox 947 4211 1061 4283; x_wconf 85' lang='lat' dir='ltr'><strong>grave</strong></span> <span class='ocrx_word' id='word_1_222' title='bbox 1080 4206 1256 4265; x_wconf 90' lang='lat' dir='ltr'><strong>movetur</strong></span> 
     </span>
     <span class='ocr_line' id='line_1_33' title="bbox 199 4303 1255 4400; baseline 0.001 -22"><span class='ocrx_word' id='word_1_223' title='bbox 199 4305 342 4379; x_wconf 87' lang='lat' dir='ltr'><strong>tardius</strong></span> <span class='ocrx_word' id='word_1_224' title='bbox 355 4327 466 4399; x_wconf 90' lang='lat' dir='ltr'><strong>super</strong></span> <span class='ocrx_word' id='word_1_225' title='bbox 483 4316 646 4400; x_wconf 86' lang='lat' dir='ltr'><strong>tapetem</strong></span> <span class='ocrx_word' id='word_1_226' title='bbox 660 4303 817 4377; x_wconf 90' lang='lat' dir='ltr'><strong>sericum</strong></span> <span class='ocrx_word' id='word_1_227' title='bbox 831 4326 941 4398; x_wconf 87' lang='lat' dir='ltr'><strong>qnam</strong></span> <span class='ocrx_word' id='word_1_228' title='bbox 959 4323 1069 4397; x_wconf 87' lang='lat' dir='ltr'><strong>super</strong></span> <span class='ocrx_word' id='word_1_229' title='bbox 1082 4325 1255 4378; x_wconf 86' lang='lat' dir='ltr'><strong>mensam</strong></span> 
     </span>
     <span class='ocr_line' id='line_1_34' title="bbox 200 4414 1255 4514; baseline 0.001 -21"><span class='ocrx_word' id='word_1_230' title='bbox 200 4442 456 4506; x_wconf 87' lang='lat' dir='ltr'><strong>marmoream,</strong></span> <span class='ocrx_word' id='word_1_231' title='bbox 486 4417 581 4491; x_wconf 84' lang='lat' dir='ltr'><strong>ratio</strong></span> <span class='ocrx_word' id='word_1_232' title='bbox 611 4419 690 4514; x_wconf 89' lang='lat' dir='ltr'><strong>ejus</strong></span> <span class='ocrx_word' id='word_1_233' title='bbox 719 4416 773 4488; x_wconf 89' lang='lat' dir='ltr'><strong>rei</strong></span> <span class='ocrx_word' id='word_1_234' title='bbox 804 4414 986 4511; x_wconf 87' lang='lat' dir='ltr'><strong>estquod</strong></span> <span class='ocrx_word' id='word_1_235' title='bbox 1014 4416 1255 4513; x_wconf 85' lang='lat' dir='ltr'><strong>insurgentes</strong></span> 
     </span>
     <span class='ocr_line' id='line_1_35' title="bbox 198 4531 1258 4630; baseline 0.003 -25"><span class='ocrx_word' id='word_1_236' title='bbox 198 4533 334 4627; x_wconf 89' lang='lat' dir='ltr'><strong>tapetis</strong></span> <span class='ocrx_word' id='word_1_237' title='bbox 368 4542 493 4630; x_wconf 85' lang='lat' dir='ltr'><strong>partes</strong></span> <span class='ocrx_word' id='word_1_238' title='bbox 527 4531 731 4605; x_wconf 82' lang='lat' dir='ltr'><strong>anteriores</strong></span> <span class='ocrx_word' id='word_1_239' title='bbox 765 4539 959 4624; x_wconf 89' lang='lat' dir='ltr'><strong>opponunt</strong></span> <span class='ocrx_word' id='word_1_240' title='bbox 989 4551 1028 4599; x_wconf 90' lang='lat' dir='ltr'><strong>se</strong></span> <span class='ocrx_word' id='word_1_241' title='bbox 1063 4535 1258 4623; x_wconf 90' lang='lat' dir='ltr'><strong>prementi</strong></span> 
     </span>
    </p>
   </div>
   <div class='ocr_carea' id='block_1_3' title="bbox 0 0 1332 5136">
    <p class='ocr_par' dir='ltr' id='par_1_5' title="bbox 0 0 1332 5136">
     <span class='ocr_line' id='line_1_36' title="bbox 0 0 1332 5136; baseline 0 0"><span class='ocrx_word' id='word_1_242' title='bbox 0 0 1332 5136; x_wconf 95' lang='lat' dir='ltr'><strong> </strong></span> 
     </span>
    </p>
   </div>
  </div>
 </body>
</html>
