2656 5136
256 660 329 725 212
481 671 699 726 eamcam
718 672 771 725 ΒΤ
787 670 1072 726 ΡΒΟΒΕΕΜΔΤᾸ

62 865 130 906 can.
145 865 214 908 xm.
306 838 507 937 Infinitum,
524 842 557 913 sl
573 840 815 915 subaudiatur
831 841 1003 939 spatium,
1016 838 1202 937 Significat
1214 854 1283 933 δρψ·

70 937 212 1037 {iffi
256 955 349 1027 tium
366 956 483 1051 majus
492 977 603 1051 quam
620 955 722 1051 quod
735 978 889 1029 numero
903 965 1189 1052 quantocunque
1199 974 1284 1024 meu·

257 1091 437 1157 surarum,
455 1080 498 1141 ut
513 1068 663 1165 pedum,
674 1092 862 1165 passuum,
874 1067 1103 1155 milliarium,
1112 1064 1174 1139 vel
1188 1063 1284 1138 etiam

257 1182 520 1254 diametrorum
549 1192 672 1271 terrae,
700 1194 768 1255 aut
795 1182 896 1256 orbis
924 1180 1117 1255 stellarum
1145 1180 1286 1253 fixarum

257 1292 395 1387 aequari
416 1303 556 1389 potest:
582 1292 712 1379 idest,
739 1293 840 1391 quod
865 1292 1033 1368 terminis
1059 1288 1202 1365 includi
1224 1312 1286 1362 nou

256 1415 391 1501 potest.
428 1405 616 1496 Similiter,
625 1406 807 1502 irfinitam
822 1416 970 1503 tempus
981 1416 1050 1497 est,
1064 1402 1169 1502 quod
1184 1424 1287 1499 neque

258 1518 400 1591 dierum
417 1542 537 1615 neque
553 1519 729 1593 horarum
744 1543 920 1593 uumerus
936 1518 1034 1593 ullus
1050 1528 1188 1615 aequat.

307 1632 407 1727 Ergo
425 1631 472 1704 de
483 1632 626 1728 infinito
637 1632 839 1706 secuudum
851 1655 1001 1706 sensum
1016 1632 1121 1706 huno
1137 1629 1212 1704 diei
1225 1650 1287 1702 uon

256 1756 381 1841 potest
398 1744 500 1819 aliud
515 1744 588 1819 alio
604 1745 724 1842 majus
746 1767 840 1819 ease.
890 1744 1060 1819 Ducatur
1076 1743 1179 1819 enim
1201 1750 1289 1816 reeta

257 1856 324 1929 AB
342 1857 461 1947 finita,
472 1868 510 1931 et
527 1868 758 1954 supponatur
768 1856 952 1953 producta
1025 1912 1043 1944 ,
1088 1912 1105 1943 ,
1146 1911 1161 1942 ,
1201 1910 1216 1942 .

257 1968 357 2042 ultra
375 1968 406 2041 B
424 1994 492 2066 per
506 1970 538 2043 Ε
555 1970 596 2043 in
611 1969 808 2044 infinitum.
851 1971 952 2067 Ergo
967 1956 1287 1995 ’“““““’“““’“““““””

257 2093 338 2155 tum
356 2093 459 2156 recta
476 2083 551 2171 ΒΕ,
568 2095 648 2156 tum
661 2082 763 2157 ABE
782 2081 1014 2180 longitudine
1031 2090 1122 2155 sunt
1136 2078 1289 2153 infinita.

258 2194 326 2266 Est
342 2205 465 2268 autem
482 2194 580 2268 ABE
596 2195 716 2291 major
736 2218 846 2292 quam
871 2194 946 2281 ΒΕ,
963 2204 1072 2267 tauto
1090 2204 1230 2290 quauta
1242 2202 1288 2265 at

258 2306 453 2403 longitudo
470 2307 550 2382 ΑΒ.
600 2308 705 2382 Esto.
756 2307 911 2381 Seoetur
927 2306 993 2381 AB
1009 2306 1183 2381 bifariam
1199 2305 1236 2379 in
1249 2302 1286 2377 G:

259 2430 299 2492 et
315 2434 474 2515 ponatur
488 2421 555 2495 AD
569 2420 718 2518 aequalis
732 2420 811 2510 AC,
825 2431 864 2493 et
880 2431 1111 2518 supponatur
1123 2418 1288 2515 producta

260 2533 298 2604 iu
317 2531 498 2606 directum
515 2558 582 2630 per
604 2535 634 2607 F
654 2533 693 2606 in
716 2533 914 2607 infinitum.
965 2533 1048 2605 Erit
1073 2556 1165 2628 ergo
1183 2530 1286 2605 Ana·

139 2644 145 2657 ‘
259 2646 377 2740 major
398 2669 508 2742 quam
528 2646 603 2735 DF,
622 2656 727 2720 tauto
745 2657 884 2743 quauta
901 2658 957 2719 est
980 2645 1178 2741 longitudo
1199 2645 1287 2718 finita

261 2755 338 2844 CD,
356 2755 394 2829 id
419 2769 475 2830 est
492 2770 630 2855 quanta
647 2770 703 2833 est
721 2758 799 2831 AB.
853 2759 979 2834 Quare
996 2757 1095 2832 CBE
1123 2769 1162 2831 et
1179 2755 1287 2849 CAD†

260 2892 335 2942 nou
352 2881 439 2943 suut
456 2871 676 2967 iuaequales:
694 2883 749 2944 est
766 2895 855 2968 ergo
871 2884 1052 2968 punctum
1069 2871 1229 2968 aliquod,
1243 2879 1288 2943 eat

260 2982 300 3056 iu
323 2981 421 3056 linea
447 2983 513 3058 DB
537 2986 694 3070 infinita,
724 2984 921 3079 mediumss.
974 2985 1105 3081 Itaque
1137 3000 1287 3059 centrum

262 3095 416 3192 sphaerae
427 3097 579 3170 infinitae
590 3099 661 3170 erit
677 3109 856 3194 punctum
866 3097 915 3170 C:
933 3098 1057 3195 idque,
1068 3099 1157 3196 quia
1169 3109 1287 3196 puncta

261 3210 296 3282 A
314 3222 353 3282 et
370 3209 400 3282 B
417 3222 565 3306 sumpta
581 3220 667 3285 sunt
685 3210 732 3283 ad
749 3210 908 3300 libitum,
919 3211 957 3283 in
976 3213 1078 3284 omni
1095 3223 1231 3308 puncto
1243 3210 1287 3282 iu·

261 3323 377 3396 finitae
394 3323 547 3419 sphaerae
565 3324 637 3395 erit
653 3324 805 3419 sphaerae
818 3337 998 3396 centrum.
1051 3325 1183 3422 ltaque
1199 3321 1285 3398 semi·

262 3434 431 3508 diametri
450 3435 602 3531 sphaerae
620 3436 774 3510 infinita
791 3460 814 3509 a
832 3435 995 3532 quolibet
1014 3449 1156 3527 centro,
1169 3439 1239 3512 sive
1249 3436 1283 3520 A,

261 3548 338 3622 sive
356 3549 400 3639 Β,
417 3548 493 3621 sive
512 3548 554 3638 C,
572 3560 659 3621 sunt
682 3548 781 3621 inter
802 3572 841 3622 se
861 3550 1169 3647 non-inaequalea
1216 3550 1283 3623 Non

262 3675 320 3735 est
338 3685 426 3758 ergo
443 3685 518 3734 una
535 3661 632 3734 linea
649 3662 794 3735 infinita
810 3664 928 3759 major
944 3686 1056 3761 quam
1073 3663 1157 3738 alia

313 3775 382 3848 Per
395 3776 549 3847 eandem
563 3775 895 3861 ratiocinationem,
906 3775 938 3847 si
954 3776 1053 3849 linea
1062 3776 1130 3849 AB
1146 3785 1282 3874 ponatur

262 3910 329 3983 pro
346 3888 451 3961 finito
477 3899 654 3984 tempore,
671 3889 821 3984 probari
843 3901 966 3984 potest
990 3889 1066 3963 duo
1086 3901 1221 3963 aeterna
1241 3886 1280 3958 in·

263 4000 419 4096 aequalia
435 4024 514 4074 esse
532 4026 606 4075 nou
622 4025 740 4099 posse.

315 4113 434 4187 Causa
450 4125 573 4188 autem
591 4138 703 4212 quare
721 4115 760 4188 iu
778 4116 921 4189 infinito
939 4116 1167 4191 considerari
1181 4119 1278 4213 potest

484 4376 502 4411 ¹
519 4377 568 4437 Sia
581 4379 650 4436 edit.
668 4377 752 4438 1674.
806 4377 919 4451 Quare,
935 4378 1046 4439 CDF?

304 4471 468 4545 tsieedit.
488 4470 572 4530 1674.
617 4469 729 4543 Quaere,
748 4471 857 4532 CAF?
984 4471 1076 4550 tsic.
1091 4474 1159 4534 edit
1176 4471 1248 4531 1674.
