2656 5136
220 628 293 697 288
634 646 859 700 nursromu.

20 816 190 865 flebfflimd
217 811 354 907 angulo
387 810 498 900 ABC,
534 812 614 887 siue
648 813 901 888 destructione
930 813 1147 911 hypothesis
1181 836 1274 888 snae.

18 881 162 928 umanum

31 920 173 987 »ψ’
218 923 328 997 Quod
346 925 491 1020 negavi.
545 924 705 999 Quando
726 926 825 999 enim
841 925 917 1023 pila
934 950 1015 1023 quae
1030 937 1209 1000 moretur
1224 927 1273 1001 ab

215 1039 251 1111 A
266 1040 441 1112 versnsB
462 1040 672 1136 pervenerit
699 1039 748 1113 ad
770 1039 815 1124 B,
837 1039 962 1135 perdit
988 1038 1274 1114 determinatio-

214 1174 313 1236 nem,
343 1152 419 1224 sive
444 1151 554 1241 viam,
582 1175 693 1248 quam
720 1152 882 1226 babebat
910 1151 1084 1225 deorsum
1111 1153 1162 1225 ab
1194 1153 1272 1226 AH

213 1287 340 1337 versus
356 1264 441 1337 CB:
468 1274 585 1338 restat
602 1288 693 1360 ergo
711 1264 971 1339 determinatio
989 1289 1072 1362 quae
1096 1264 1274 1340 dextror-

214 1399 303 1449 sum.
314 1391 393 1449 erat
406 1377 453 1450 ab
464 1376 530 1449 Ac
539 1399 667 1450 versus
682 1378 776 1450 HB:
793 1377 976 1450 retinetur
989 1390 1113 1451 autem
1127 1378 1272 1474 gradus

213 1489 420 1563 velocitatis
447 1513 557 1587 quam
583 1489 745 1564 babebat
767 1491 815 1563 ab
832 1489 963 1563 initio:
989 1491 1059 1563 ibit
1084 1491 1205 1585 igitur
1221 1493 1272 1566 ad

213 1601 549 1676 circumferentiam
562 1602 693 1677 circuli
709 1603 748 1676 in
762 1603 806 1676 G.
843 1604 1019 1698 Oportuit
1032 1603 1150 1698 igitur
1161 1604 1270 1678 ilium

215 1714 466 1790 demonstrare
489 1715 588 1814 quod
611 1729 757 1791 retenta
772 1716 968 1790 velocitate
990 1717 1137 1811 integra
1153 1741 1272 1814 quam

214 1829 374 1903 habebat
391 1830 437 1902 ab
450 1829 485 1902 A
496 1852 624 1903 versus
642 1830 686 1919 B,
696 1829 921 1926 impossibile
937 1842 1034 1902 esset
1049 1829 1165 1925 pilam
1181 1854 1271 1926 pro·

214 1942 353 2015 moveri
369 1941 518 2038 longius
538 1941 576 2014 in
602 1941 733 2015 eadem
750 1941 1059 2015 determinatione
1086 1966 1203 2038 quam
1219 1944 1272 2017 ad

212 2055 264 2128 E:
281 2054 379 2151 quod
395 2054 517 2128 facere
533 2078 608 2128 non
624 2053 759 2151 potuit,
769 2055 841 2129 nisi
856 2054 1116 2129 determinatio
1134 2056 1203 2130 illa
1219 2059 1270 2132 ab

212 2169 248 2242 A
264 2191 390 2242 versus
409 2169 446 2241 H
466 2179 673 2242 sumeretur
693 2192 761 2265 pro
786 2179 902 2242 motu.
954 2168 1029 2242 Sed
1050 2181 1089 2242 et
1111 2169 1194 2266 ipse
1211 2171 1270 2245 vi-

214 2282 322 2355 detur
339 2281 685 2355 determinationem
708 2281 810 2355 illam
826 2281 1032 2378 intelligere
1049 2305 1118 2378 pro
1135 2296 1268 2358 motu:

213 2395 387 2491 quoniam
404 2394 443 2466 in
460 2393 775 2468 demonstratione
802 2396 882 2490 ejus
898 2395 1068 2469 attribuit
1091 2395 1126 2469 ei
1143 2420 1269 2493 qnan-

212 2509 371 2581 titatem.
424 2505 693 2580 Determinatio
723 2507 833 2594 enim,
866 2508 943 2580 sive
970 2507 1030 2580 via
1059 2508 1157 2604 pilae,
1187 2534 1269 2584 non

212 2621 326 2694 babet
356 2621 611 2716 quantitatem,
638 2620 709 2692 nisi
737 2633 918 2716 quatenus
947 2623 1151 2695 secundum
1180 2649 1269 2699 eam

210 2734 287 2830 pila
303 2734 439 2806 lineam
464 2732 642 2806 describit
667 2745 772 2807 tanta
789 2735 846 2807 vel
868 2737 995 2808 tanta*
1014 2736 1265 2830 longitudine.

210 2847 295 2920 Jam
314 2870 414 2933 vero,
429 2847 460 2918 si
474 2845 799 2921 determinationes
816 2848 889 2921 illae
907 2849 1000 2937 duae,
1014 2850 1267 2945 perpendicu-

210 2960 299 3034 laris
317 2973 355 3034 et
373 2960 546 3047 lateralis,
564 2960 640 3034 sint
655 2974 791 3049 motus,
805 2963 1042 3035 manifestum
1059 2974 1115 3035 est
1132 2965 1265 3059 pilam,

212 3074 361 3169 quando
374 3074 477 3147 venit
490 3074 538 3147 ad
557 3074 599 3163 B,
613 3074 768 3170 perdere
782 3088 926 3171 partem
944 3076 1043 3147 illam
1061 3087 1185 3150 motus
1205 3082 1266 3153 sui

212 3211 323 3284 qnam
347 3187 508 3261 habebat
532 3188 579 3260 ab
604 3189 780 3261 Aversns
801 3188 842 3262 C.
895 3189 1056 3284 Ideoque
1081 3202 1166 3285 post
1192 3193 1265 3265 im-

211 3313 362 3397 pactum
378 3300 415 3372 in
432 3300 462 3373 B
476 3300 598 3373 minus
609 3301 785 3374 velociter
797 3300 916 3373 fertur
929 3325 1037 3398 quam
1051 3313 1155 3374 ante:
1175 3329 1264 3400 quae

211 3425 267 3486 est
293 3414 453 3510 propriae
483 3413 698 3509 hypothesis
728 3413 943 3486 destructio.
998 3414 1109 3489 Quod
1140 3417 1263 3508 addit,

210 3528 322 3600 talem
353 3539 475 3600 motus
503 3526 786 3599 diminutionem
811 3550 891 3598 esse
915 3539 1044 3600 contra
1066 3531 1262 3624 experien-

210 3640 314 3728 tiam,
333 3640 419 3736 quia
436 3639 603 3712 videmus
618 3663 661 3711 ea
674 3663 758 3733 qnae
775 3639 944 3713 incidunt
962 3640 999 3712 in
1019 3652 1156 3713 terram
1175 3668 1263 3738 per-

208 3752 498 3848 pendiculariter
523 3752 570 3824 ad
591 3752 895 3847 perpendiculum
920 3778 1123 3850 resurgere,
1141 3758 1263 3832 miror

210 3865 396 3960 quomodo
414 3865 461 3936 ab
475 3865 702 3960 experientia
718 3865 804 3938 sciri
821 3878 945 3960 potest
961 3880 1085 3940 utrum
1103 3870 1260 3944 reflexio

208 3976 290 4050 baec
317 3977 364 4050 ad
393 3977 698 4073 perpendiculum
724 3979 790 4050 fiat
819 3980 866 4051 ab
891 4003 934 4051 eo
963 3981 1063 4075 quod
1085 3981 1189 4055 nulla
1215 3986 1261 4058 fit

209 4101 331 4163 motus
352 4091 510 4185 jactura,
528 4113 576 4163 an
592 4113 681 4163 reru
699 4115 722 4164 a
738 4101 860 4163 motus
886 4093 1136 4165 restitutione:
1166 4119 1259 4172 nam

208 4203 308 4277 idem
320 4205 473 4277 effectus
490 4204 570 4276 fieri
587 4215 712 4300 potest
724 4206 863 4278 utrovis
877 4206 999 4279 modo.
1033 4207 1172 4280 Verum
1184 4224 1259 4298 est,

208 4317 308 4413 quod
319 4317 546 4413 experientia
556 4317 666 4391 docet
677 4318 760 4391 ficri
770 4319 1005 4393 reflexionem
1020 4343 1086 4415 per
1097 4325 1259 4417 angulos

208 4432 380 4527 aequales,
399 4430 463 4504 sed
480 4455 556 4504 non
574 4455 597 4504 a
613 4455 687 4527 qua
703 4455 825 4505 causa.

665 4646 683 4681 ¹
707 4644 764 4705 Sic.
