2656 5136
338 39 1252 511 q

141 654 213 729 372
559 670 758 722 nrsronrs

185 832 323 912 Nititur,
339 842 438 917 atque
451 856 548 899 unam
562 835 764 901 constabilire
778 834 928 903 Fidem:

142 942 163 972 “
178 933 280 1009 Lex'’,
297 932 414 1017 inquit,
429 941 450 971 “
460 932 518 999 fiet
531 933 686 1019 quicquid
700 934 876 1011 statuetis3
893 946 934 1009 et
949 936 1051 1003 illam

186 1039 207 1070 “
219 1030 348 1098 Curabo
363 1055 403 1097 ne
418 1030 490 1116 quis
504 1032 756 1120 transgrediatur
769 1033 863 1119 ego”.

144 1131 232 1195 Hinc
247 1130 345 1217 vulgo
360 1130 463 1196 visum
478 1141 538 1207 est,
554 1131 587 1195 in
601 1133 698 1197 rebus
711 1131 908 1219 relligionis,

188 1227 800 1316 ConsensuRegisnouopusessesui.
1153 1242 1206 1301 85⁰

146 1329 242 1395 Unus
256 1328 433 1393 habebatur
448 1327 602 1415 Princeps
616 1351 746 1414 qaoque
759 1328 801 1394 de
815 1352 924 1418 grege
942 1330 1080 1411 cm,

191 1427 297 1512 Seque
312 1449 379 1492 suae
396 1426 528 1513 Syucdo
543 1428 679 1494 subdere
693 1428 780 1494 visus
793 1438 878 1495 erat

147 1529 261 1613 thue
275 1527 339 1602 alii,
354 1538 489 1613 poterat,
504 1528 531 1593 si
545 1528 744 1595 dissensisset
757 1528 798 1593 ab
813 1526 884 1607 illa,

192 1625 374 1691 Haereticus
384 1626 447 1692 dici
461 1625 587 1713 legibus
601 1625 669 1713 ipse
683 1626 759 1693 suis.

149 1728 222 1793 Non
238 1725 327 1790 illum
343 1724 476 1791 Domini
491 1736 602 1791 sancta
615 1724 772 1813 depellere
786 1746 883 1792 coena

192 1825 359 1891 Hactenus
372 1823 543 1890 audebant.
589 1825 679 1911 Spes,
694 1825 750 1891 sed
763 1823 912 1904 inermis,
929 1839 1017 1896 erat

150 1923 238 1989 Hinc
253 1946 383 2008 quoque
396 1934 626 2009 presumptum
640 1934 690 1989 eat
703 1922 890 2009 conscripta
904 1928 1049 1997 oracula
1061 1928 1155 1997 libris

195 2022 301 2099 Sacra,
317 2022 489 2089 sacerdotis
502 2023 601 2089 solius
616 2045 671 2089 ore
685 2022 783 2108 loqui.

152 2124 297 2208 Quaeque
312 2124 352 2188 ad
368 2122 550 2210 Scripturas
565 2131 726 2209 spectarat
738 2121 841 2187 libera
855 2121 992 2205 Sauras,

195 2224 247 2288 Ad
263 2223 376 2289 Patres
391 2233 513 2309 spectat
528 2244 615 2288 nunc
629 2222 795 2308 pavefacta
809 2218 922 2289 Fides.
1154 2230 1209 2293 860

153 2323 241 2409 Lege
255 2321 318 2388 Dei
332 2321 431 2409 dupla
444 2322 531 2387 iacta
543 2331 593 2387 est
607 2320 751 2387 Ecclesia
763 2318 887 2406 biceps,

195 2421 268 2486 Lex
283 2443 348 2485 una
361 2429 410 2486 est
424 2420 548 2497 animis,
563 2419 664 2485 altera
678 2418 875 2506 corporibus.

153 2521 266 2603 Atque
280 2518 399 2604 duplex
413 2518 556 2584 homines
570 2520 712 2584 terrebat
726 2540 817 2604 pruna
832 2516 993 2599 misellos,

197 2617 337 2704 Cognita
351 2640 444 2703 poena
459 2640 578 2694 omnea,
594 2617 714 2683 credita
729 2639 822 2702 poena
836 2616 918 2701 pios.

154 2718 219 2782 Sec.
245 2716 365 2801 Magna
380 2716 453 2794 fuit,
468 2717 580 2793 fateor,
599 2715 801 2802 synodorum
816 2716 925 2800 prisea
940 2732 1118 2806 potestas:

198 2816 307 2900 Atqui
322 2838 372 2881 res
385 2814 534 2902 Synodus
550 2839 620 2881 rara
634 2816 803 2900 brevisque
818 2813 898 2881 suit:

155 2915 190 2982 N
191 2938 228 2982 ec
242 2914 341 3002 Papa·
356 2915 463 3001 potuit
477 2915 648 2981 concedere
663 2915 751 3001 regia
760 2915 852 3000 jura3

198 3015 233 3081 N
234 3039 271 3081 ee
286 3015 432 3101 quamvis
446 3025 605 3102 poterant,
621 3014 654 3079 id
668 3014 805 3079 voluisse
820 3024 913 3097 puto.

155 3119 216 3182 Pr.
240 3115 305 3182 Per
320 3126 459 3201 quotuor
475 3114 622 3200 Synodos
638 3113 754 3198 primas
769 3121 971 3199 centumque
987 3141 1052 3204 per
1067 3145 1173 3191 annos

200 3216 264 3281 Per
279 3238 390 3302 regum
406 3214 573 3290 inscitiam,
590 3235 646 3298 per
660 3212 880 3298 populumque
895 3213 1018 3296 levem,
1161 3226 1217 3288 stu

157 3315 313 3383 Creverat
327 3317 460 3380 obscure
475 3314 574 3399 Papus
590 3311 711 3377 furtiva
726 3320 885 3398 potestas:

200 3414 313 3479 Donec
328 3415 472 3479 Romano
487 3413 630 3500 principe
645 3413 745 3497 major
759 3420 836 3477 erat.

158 3513 327 3590 Nimirum,
343 3514 481 3600 piscator
495 3524 573 3587 eret,
588 3512 770 3597 piscemque
786 3508 923 3596 petivit3

201 3613 247 3677 Et
262 3613 453 3698 piscatorum
468 3625 570 3679 ooetus
585 3621 653 3677 erat
671 3611 830 3698 Synodus.

160 3712 225 3780 Sed
239 3735 296 3797 pro
310 3714 396 3800 pisce
411 3713 474 3779 suit
488 3736 593 3778 rerum
610 3735 758 3797 suprema
772 3719 931 3796 potestas:

203 3811 378 3897 Capturam
394 3812 520 3879 facilem
535 3812 665 3878 turbida
679 3814 801 3897 praebet
815 3831 912 3893 aqua.

160 3909 288 3977 Cuncta
301 3909 391 3982 fuere
407 3911 494 3995 prius
510 3912 650 3977 tenebris
665 3912 831 3995 turbisque
846 3910 1017 3995 replenda,

206 4009 377 4075 Terrarum
393 4010 513 4075 domini
529 4034 625 4095 quum
640 4022 772 4098 potuere
786 4008 865 4094 capi.

161 4109 208 4173 Et
222 4118 328 4192 partes
342 4108 465 4192 aliquas
481 4110 540 4176 sibi
556 4111 628 4174 vult
641 4110 770 4175 fortuna
784 4108 934 4192 relinqui,

205 4204 288 4288 Quae
304 4208 419 4271 summi
434 4209 532 4274 tacita
547 4219 597 4274 est
610 4208 693 4274 actio
708 4221 795 4274 certa
808 4206 880 4272 Dei.
1161 4223 1220 4283 380

160 4308 225 4372 Sec.
249 4305 375 4371 Verum
391 4330 456 4392 quo
471 4320 573 4394 pacto,
590 4309 629 4374 de
645 4332 783 4395 paupere
801 4305 1089 4394 Philosophustro,

204 4406 358 4474 Obtinuit
372 4408 465 4473 terris
480 4408 645 4497 proximus
661 4432 728 4474 esse
745 4408 839 4473 Deo?

161 4506 220 4570 Pr.
247 4505 400 4572 Historiae
415 4508 504 4574 filum
520 4508 607 4592 quod
622 4530 707 4571 nunc
723 4506 839 4572 subt-ile
855 4515 980 4586 retexo,

205 4604 364 4671 Ostendet
378 4606 519 4673 breviter
533 4606 763 4694 perspicuoque
778 4604 865 4671 satis.
