2656 5136
414 689 749 743 nccnnsmsrrcs.
1034 675 1105 744 405

64 853 180 937 Deque
195 852 277 919 Fide
291 853 391 920 sensit
405 877 478 939 quae
493 878 579 921 nunc
594 855 738 922 Ecclesia
753 855 851 922 sentit

108 951 143 1015 N
145 964 231 1017 ostra
244 953 310 1019 fere
322 977 330 1029 3
354 977 419 1019 non
433 965 483 1020 est
497 976 583 1021 nune
597 978 681 1020 nova
695 964 804 1021 nostra
818 953 924 1019 Fides.
1024 957 1109 1019 2100

65 1053 97 1116 N
98 1076 134 1118 ec
149 1076 259 1118 sensus
273 1077 400 1118 narrare
416 1078 489 1120 suos
504 1057 669 1121 metuebat
685 1054 804 1132 amicis,

111 1152 280 1218 Haereticis
295 1176 477 1238 quanquam
493 1165 571 1220 tunc
585 1178 682 1241 grave
697 1164 824 1240 tempus
839 1163 915 1220 erat

65 1251 155 1335 Ergo
170 1275 226 1337 per
240 1253 444 1317 innumerum
459 1253 613 1338 populum
628 1252 774 1318 doctrina
788 1253 894 1319 volere

110 1351 232 1428 Waldi,
249 1363 283 1417 et
297 1352 451 1438 paulatim
467 1374 607 1417 crescere
622 1376 698 1417 vera
711 1351 829 1418 Fides:

66 1450 180 1516 Donec
194 1451 233 1515 od
249 1451 414 1536 ingentem
430 1451 599 1536 strepitum
615 1451 788 1537 perculsus,
804 1452 838 1517 in
852 1452 923 1517 illos

111 1549 249 1614 Immisit
264 1572 354 1635 reges
368 1548 458 1634 Papa
473 1549 654 1633 quibusque
669 1572 752 1615 suos.

66 1649 259 1715 Waldenses
274 1649 403 1713 tandem
418 1647 513 1712 multi
527 1648 603 1712 anni
618 1647 728 1732 praelia
742 1649 844 1713 multa

110 1748 299 1813 Extinxere.
343 1746 408 1812 Dei
422 1769 486 1811 non
501 1746 569 1811 sine
584 1747 724 1812 consilio.

69 1848 216 1930 Namque
232 1846 345 1911 animis
360 1846 525 1911 hominum
540 1855 619 1911 tunc
633 1846 755 1911 semina
763 1848 852 1932 jacta
866 1848 966 1924 fuere,

113 1946 196 2027 Quae
212 1955 344 2030 surgent
358 1943 457 2029 Papis
472 1944 606 2010 exitiosa
620 1967 720 2032 seges.
1022 1951 1108 2012 2110

69 2045 218 2111 Territus
233 2045 283 2109 his
298 2044 400 2109 turbis
416 2043 518 2108 multo
533 2043 690 2109 crudelior
705 2042 791 2109 exit:

115 2144 306 2229 Suspectum
322 2142 464 2208 haeretici
479 2143 607 2209 nomine
622 2165 784 2228 quemque
798 2142 891 2229 rapit.

71 2245 262 2328 Suspectum
277 2245 424 2328 abjurare
438 2242 526 2319 facit,
542 2243 569 2307 si
583 2243 674 2308 vult:
698 2244 750 2309 vel
765 2246 805 2310 ab
820 2244 904 2331 igne,

115 2342 150 2408 Si
165 2366 230 2408 non
244 2344 325 2422 vult,
342 2343 435 2408 vivus
450 2343 588 2408 vertitur
602 2343 636 2407 in
651 2343 782 2410 cineres.

71 2444 134 2525 Qui
149 2443 228 2508 falso
243 2445 378 2528 abjurat,
394 2443 577 2528 resipiscere
592 2443 728 2510 dicitur:
745 2453 780 2510 at
793 2443 821 2510 si

116 2543 222 2624 Quem
232 2543 407 2628 juramenti
422 2543 566 2629 poenitet,
582 2542 636 2609 ille
651 2544 744 2630 perit.

70 2645 134 2707 Sec.
159 2642 279 2708 Nonne
294 2644 411 2728 quibus
425 2642 555 2720 vellent,
571 2652 747 2728 potuerunt
761 2665 889 2730 parcere
904 2645 1017 2732 reges?

114 2744 173 2806 Pr.
198 2741 285 2807 Non.
330 2741 365 2805 N
367 2765 409 2807 on
423 2742 596 2807 eredebant
605 2741 688 2827 juris
702 2742 736 2807 id
751 2765 818 2808 esse
833 2743 892 2808 sui.

71 2841 116 2904 Et
132 2864 206 2904 rnox
221 2841 354 2906 concilio
369 2840 472 2928 legem
489 2842 564 2906 tulit
579 2842 613 2906 in
628 2842 800 2923 Laterano,

115 2939 168 3004 Ne
184 2940 256 3023 quis
270 2963 327 3004 rex
338 2953 421 3005 esset
435 2940 522 3005 mitis
536 2941 571 3005 in
586 2941 769 3008 haeretieos:
986 2973 992 2984 ·
1029 2949 1115 3009 2120

74 3039 157 3121 Qua,
173 3040 234 3103 nisi
249 3052 320 3126 post
335 3064 455 3104 annum
470 3041 610 3106 monitus
626 3043 812 3128 purgaverit
826 3043 929 3109 omnis

117 3139 283 3204 Haereseos
298 3163 443 3225 regnum,
459 3140 654 3225 dejiciendus
669 3151 746 3206 erat

73 3239 148 3303 Hoc
163 3249 221 3316 est,
238 3239 264 3303 si
279 3262 370 3324 reges
385 3238 483 3325 Papis
498 3263 608 3325 parere
623 3251 780 3317 recusent,

117 3339 251 3405 Civibus
266 3339 411 3425 obsequii
425 3339 554 3405 vincula
568 3340 656 3404 nulla
670 3341 758 3406 fient

74 3439 149 3521 Quo
164 3451 296 3525 potuere
311 3440 380 3506 loco
395 3440 498 3506 securi
513 3440 621 3506 vivere
635 3462 736 3527 reges,

118 3540 201 3607 Cum
217 3541 393 3625 percussori
407 3539 460 3605 lex
475 3539 565 3605 daret
579 3538 640 3604 ista
654 3539 775 3604 sicem?

76 3637 139 3705 Sed
154 3640 263 3705 solitos
278 3639 395 3725 repetit
410 3661 540 3704 securus
556 3636 646 3722 Papa
660 3635 849 3723 triumphos,

118 3739 172 3803 Ad
188 3763 302 3805 nomen
318 3761 513 3824 quamquam
529 3736 644 3822 palluit
658 3737 807 3802 heretici.

76 3837 202 3903 Cretera
216 3839 307 3904 sortis
322 3849 401 3916 erat,
417 3859 601 3922 vacuusque
617 3835 852 3923 superstitione.

119 3937 176 3999 An
191 3937 304 4002 Rornae
319 3938 439 4002 clerum
454 3946 579 4021 spectra
593 3936 705 4001 timere
720 3936 839 4021 putas?

76 4033 209 4099 Illorum
225 4059 318 4101 nemo
333 4047 391 4112 est,
407 4035 503 4100 etiam
518 4033 585 4099 sine
600 4057 685 4119 aqua
698 4033 874 4112 benedicta,

122 4134 188 4215 Qui
203 4133 330 4199 dubitat
345 4145 442 4200 noctu
457 4134 553 4211 solus,
569 4134 652 4199 etin
667 4133 817 4210 tenebris,

80 4234 135 4299 Ad
150 4233 373 4298 defunctorum
388 4243 595 4298 monumenta
610 4233 772 4318 quiescere
787 4255 895 4308 sacra3

122 4332 227 4417 Inque
242 4332 348 4418 adytis
363 4332 485 4418 templi,
500 4332 527 4397 si
537 4334 633 4416 jubet
646 4331 781 4396 utilitas.

80 4433 143 4499 Sed
158 4443 308 4497 metuunt
322 4432 438 4518 potius,
449 4454 489 4497 ne
504 4455 561 4496 nos
576 4454 614 4497 ea
627 4454 693 4496 non
706 4440 903 4496 metuamus:

121 4533 195 4599 Hoc
211 4543 269 4610 est,
284 4532 460 4609 haereticos,
476 4542 573 4616 atque
588 4542 707 4617 patere,
723 4530 847 4595 timent

78 4633 142 4698 Sec.
167 4632 236 4699 Cur
249 4656 314 4700 non
328 4631 363 4697 in
377 4632 498 4697 clerum
512 4630 600 4698 laicis
615 4629 727 4698 saevirc
741 4627 898 4695 Latinum
