2656 5136
667 159 672 174 .

459 618 794 671 nccnnsras‘nca,
1074 598 1147 676 397

108 785 245 849 Chritus
258 794 292 850 et
305 782 407 868 (docti
421 783 548 868 dicunt)
563 783 759 849 Haradieud
777 783 860 849 idem
877 785 926 848 es't
936 784 953 846 τ’

153 886 260 968 Atque
275 883 350 949 hinc
364 893 414 948 est
428 883 512 949 clero
527 884 613 969 quod
629 883 743 949 Venus
758 883 861 948 omnis
875 885 977 949 abest.

108 982 172 1048 Sed
186 983 272 1048 color
282 982 334 1048 hic
348 981 457 1061 falsus,
469 982 659 1070 fugiensque
673 983 707 1048 in
722 983 793 1049 luce
807 982 892 1048 diei:

149 1081 196 1146 Et
210 1082 271 1147 nisi
285 1084 345 1148 sub
359 1093 485 1148 noctem
501 1082 611 1149 fallere
625 1083 754 1168 ineptus
768 1092 847 1148 erat.
1066 1084 1149 1144 1800

107 1181 277 1268 Ingeniosa
290 1181 355 1247 fuit
368 1182 585 1267 meditataque
600 1181 745 1248 machina
760 1191 872 1248 contra

151 1280 264 1365 Reges,
279 1303 321 1345 ne
335 1290 465 1367 possent
478 1280 598 1346 ordinis
612 1303 680 1346 esse
695 1279 784 1346 sacri.

107 1377 193 1442 Nam
209 1379 273 1445 duo
288 1379 451 1464 conjuncti
465 1379 563 1457 tituli,
579 1380 646 1443 Rea
659 1389 749 1465 atqtsc
764 1379 921 1456 Sacerdos,

150 1478 301 1565 Regnum
316 1477 409 1543 civile
424 1487 458 1542 et
473 1477 637 1562 spirituale
652 1477 779 1542 dabant

108 1577 204 1659 Quod
220 1600 260 1642 ne
275 1575 403 1661 quando
418 1574 511 1652 foret,
528 1576 688 1661 provisum
703 1574 763 1640 hac
776 1575 847 1663 lege
862 1575 969 1641 videre

151 1676 334 1751 Pontifices,
349 1697 440 1760 reges
454 1697 519 1739 non
534 1685 668 1760 potuere
679 1674 763 1739 boni

109 1776 263 1860 Regibus,
280 1775 339 1838 hoc
355 1784 457 1859 pacta,
474 1773 526 1838 vel
541 1773 632 1859 regni
646 1773 770 1839 haerede
785 1795 901 1850 carere,

153 1873 367 1940 Ordinibusve
383 1872 490 1948 sacris,
506 1883 621 1950 stante,
637 1894 764 1937 necesse
779 1871 850 1936 fuis

110 1975 175 2036 Sco.
199 1971 319 2036 Nonne
334 1971 383 2034 sui
398 1971 509 2057 populi
523 1971 606 2048 Rex,
622 1970 739 2035 Pastor
752 1993 895 2035 summus
910 1979 952 2045 et,
965 1969 1047 2033 idem
1064 1969 1132 2033 est?

153 2070 200 2135 Et
214 2073 430 2157 sub-pastores
446 2092 551 2135 nonne
566 2093 671 2136 creare
687 2070 818 2156 potest?
1071 2073 1153 2132 1010

111 2168 187 2255 Ipsa
200 2169 308 2256 gregis
324 2168 456 2246 Christi,
471 2169 546 2234 data
560 2169 602 2234 sit
616 2169 806 2253 cuicunque,
821 2168 952 2255 regendi

155 2268 242 2335 Cura
256 2268 461 2346 sacerdotem,
478 2269 607 2354 solaque
625 2267 751 2355 (credo)
765 2267 853 2334 facit.

111 2370 173 2434 Pr.
197 2368 336 2435 Cernere
351 2368 407 2434 sed
422 2367 562 2454 Pythico
576 2367 696 2434 velatas
710 2367 848 2433 carmine
863 2367 1004 2444 technas,

154 2467 354 2555 Magnanimi
369 2491 460 2554 reges
475 2491 540 2553 quo
555 2479 688 2554 potuere
704 2467 822 2533 modo?

112 2567 233 2633 Nullus
248 2578 315 2634 crat
331 2567 477 2653 princeps
492 2568 531 2632 ad
546 2578 655 2633 sancta
669 2566 796 2633 oracula
809 2567 909 2654 Papae

156 2666 246 2749 Quin
261 2666 408 2753 stupidus
422 2667 525 2746 ficret,
543 2667 787 2754 Cbilpericoque
801 2668 912 2755 magis.

113 2769 178 2831 Sec.
204 2765 268 2832 Sed
283 2789 381 2851 quare
397 2767 533 2852 populus
547 2790 611 2832 non
626 2767 726 2833 scnsit
739 2766 861 2832 fraudis
875 2767 1028 2838 odorem?

155 2865 258 2929 Anne
273 2864 328 2930 illo
343 2888 439 2930 nasus
455 2875 597 2950 tempore
612 2865 720 2930 nullus
735 2868 829 2932 erat?

114 2966 174 3028 Pr.
198 2962 307 3028 Nasus
322 2973 400 3040 erat,
416 2973 485 3028 toto
500 2963 555 3028 sed
570 2973 649 3029 tunc
664 2963 856 3049 epidemicus
867 2967 944 3031 orbe

157 3062 192 3126 N
193 3085 317 3127 ssorum
333 3064 462 3127 morbus
477 3062 646 3147 praevaluit
657 3062 812 3150 Polypus.
1074 3066 1157 3127 1820

114 3161 181 3244 Qui
196 3184 236 3227 ne
252 3170 398 3238 cessaret,
414 3161 566 3227 subtilem
581 3162 745 3249 excogitat
759 3173 871 3240 artem,

159 3261 304 3328 Callidus
317 3270 357 3325 ut
371 3260 483 3346 vulpes
497 3260 681 3339 ambitione,
697 3261 778 3329 Leo.

114 3361 250 3448 Ingenio
264 3359 435 3445 studioque
449 3360 532 3426 solet
545 3360 701 3446 sapientia
718 3361 835 3446 quaeri3

160 3463 255 3528 Hanc
268 3460 378 3548 generi
393 3459 533 3526 humano
547 3461 659 3526 tollere
673 3461 764 3548 Papa
778 3470 877 3547 parat

116 3565 182 3628 ὅσα.
205 3560 325 3626 Nescio
340 3559 397 3645 qui
412 3559 531 3625 stultus
545 3559 616 3625 fieri
631 3570 729 3646 queat
743 3583 784 3626 ex
798 3559 959 3647 sapiente:

158 3661 212 3727 Ex
226 3660 326 3727 stulto
340 3659 465 3746 sapiens
480 3658 654 3726 erudiendo
668 3670 785 3746 potest.

115 3763 176 3826 Pr.
202 3758 380 3826 Stultitiam
395 3757 529 3825 fortasse
544 3769 639 3846 putas
654 3783 718 3826 non
732 3781 824 3846 posse
837 3756 953 3824 doceri

159 3858 298 3924 Difficile
312 3870 362 3924 est
375 3858 492 3924 durum
509 3858 635 3945 (credo)
649 3858 763 3925 docere
777 3879 906 3924 senem:

120 3957 183 4023 Scd
198 3956 316 4023 teneris
330 3957 431 4034 annis,
446 3980 505 4022 ceu
522 3956 625 4024 mollis
639 3981 721 4036 cera,
736 3958 872 4045 figuram

162 4055 348 4138 Quamlibet
362 4056 505 4143 accipiet,
521 4057 564 4122 sit
577 4060 661 4124 bona
675 4058 757 4124 sitve
771 4057 864 4123 mala.
1075 4059 1159 4120 1830

121 4156 259 4223 Stultior
273 4178 341 4221 esse
355 4165 462 4241 potest
476 4156 657 4242 quisquam,
673 4180 770 4242 quam
786 4156 843 4241 qui
857 4154 1031 4240 sapientem

161 4256 207 4320 Et
220 4256 349 4321 doctum
365 4254 492 4341 egregie
507 4278 540 4321 se
556 4268 650 4343 putat
664 4280 742 4335 esse,
757 4279 816 4322 nec
830 4256 904 4321 est?

119 4360 183 4421 Sec.
208 4355 342 4422 Certum
358 4365 415 4420 est
464 4352 626 4440 Stultitias
640 4356 674 4421 in
689 4378 758 4422 sese
772 4354 912 4441 possidet
926 4374 1045 4429 omnes,

479 4551 488 4586 ¹
506 4552 587 4626 [Vide
598 4552 799 4621 Gcossraruul
