2656 5136
250 654 319 720 166
472 663 690 718 PRINCIPIA
708 664 761 716 ΕΤ
778 660 1060 716 prostratura

60 863 143 904 ona.
158 863 202 902 nr.
246 833 338 907 mini
354 831 501 906 difficile
518 844 575 905 eat
597 830 813 928 intelligere.
867 830 969 906 Quid
989 830 1097 904 enim
1116 824 1219 903 aliud
1232 837 1280 901 eat

52 933 226 1051 affin
247 971 270 1019 a
286 945 539 1041 magnitudine
556 945 643 1019 data
659 944 843 1018 defectum
859 944 1003 1034 tollere,
1020 966 1137 1043 quam
1153 940 1280 1039 magni·

51 1059 223 1116 “⁸⁶⁸⁸lfl'0'ss‘
247 1059 414 1132 tudinem
431 1056 663 1131 deficientem
681 1080 756 1154 qua
771 1058 921 1131 carebat
945 1056 1112 1131 addere!
1162 1055 1278 1153 ltaque

248 1173 280 1244 si
302 1172 395 1244 abA
412 1170 576 1244 tollenda
593 1170 641 1245 ait
658 1172 753 1260 -A,
769 1169 1007 1244 manifestum
1025 1180 1085 1245 eat
1101 1168 1277 1243 residuum

248 1307 328 1357 esse
343 1285 414 1357 2A.
464 1283 563 1357 Nam
580 1308 624 1358 eo
644 1283 725 1381 ipso
742 1283 843 1381 quod
865 1283 1011 1358 tollitur
1028 1282 1211 1373 defectus,
1225 1304 1278 1379 po
1318 1282 1320 1383 j

248 1399 351 1471 nitur
374 1397 535 1470 accessio
558 1398 636 1494 ejus
654 1397 753 1493 quod
775 1396 926 1471 aberat:
951 1420 1030 1471 nou
1056 1420 1167 1473 secus
1183 1416 1278 1493 quam
1317 1388 1320 1515 l

249 1511 313 1608 qui
343 1509 508 1582 debitum
536 1509 705 1598 remittit,
733 1523 913 1607 quantum
946 1510 1110 1585 remittit
1137 1506 1278 1585 debitori
1318 1518 1320 1543 ⁵

248 1625 364 1698 addit.

301 1735 512 1810 Consistere
529 1759 588 1809 me
604 1734 791 1833 paulisper
810 1736 884 1811 hoo
899 1734 981 1810 looo
996 1735 1103 1834 eogit
1118 1756 1280 1833 provom-

250 1851 303 1922 tio
320 1851 343 1923 J
345 1849 500 1922 ohannis
516 1848 670 1922 Wullisii
683 1849 722 1922 in
740 1850 991 1923 controversia
1006 1861 1139 1925 nostra
1154 1848 1202 1922 ad
1211 1847 1279 1921 illos

244 1964 316 2060 ·qui
333 1962 468 2036 versati
485 1973 571 2035 sunt
587 1962 627 2036 in
637 1962 798 2059 algebra,
810 1974 856 2036 ut
871 1962 1087 2060 intelligant
1103 1960 1205 2037 docti
1218 1982 1280 2059 qm
1316 1952 1320 2021 l

251 2077 367 2150 fretus
384 2076 424 2149 id
440 2075 530 2172 agit.
1317 2062 1320 2169 l

301 2192 369 2263 Est
397 2189 601 2287 propositio
628 2188 786 2263 Wallisii
812 2188 929 2287 partis
957 2189 1090 2287 primae
1116 2188 1202 2263 libri
1226 2184 1280 2261 Dr

251 2302 376 2376 Libra
403 2314 544 2390 octava,
561 2301 600 2374 iu
625 2300 707 2375 haec
723 2301 861 2375 rerba:
890 2301 1192 2390 Contrariorum,
1208 2322 1281 2398 pro·
1318 2290 1320 2301 ’

253 2425 358 2488 tenuo
379 2424 462 2487 sant
483 2415 685 2505 contraria,
712 2425 969 2514 aggregatum
986 2413 1208 2513 'requiprollet
1230 2437 1281 2486 ea-

252 2528 371 2599 cearrri
387 2526 672 2624 proponentis:
692 2529 964 2626 congruentium
980 2553 1083 2619 vero,
1101 2527 1281 2602 eorunde-

251 2665 421 2713 rummae:
446 2640 484 2712 id
515 2652 571 2713 est
607 2642 761 2724 ÷A-A
785 2643 926 2738 aequale
949 2653 1006 2716 est
1031 2643 1199 2716 excessui
1222 2663 1281 2738 quo

260 2754 330 2834 ÷A
348 2764 496 2850 superat
512 2752 611 2827 -Α,

302 2867 386 2939 Jam
411 2866 564 2947 ÷A-A
587 2867 726 2964 aequale
744 2878 800 2940 est
817 2875 853 2956 t),
868 2866 943 2940 sive
960 2867 1089 2941 nihilo.
1142 2869 1283 2966 Oportet

255 2985 370 3081 igitur
401 2982 693 3078 magnitudinem
728 2985 763 3057 A
792 3007 964 3081 superare
1003 2984 1283 3081 magnitudinem

254 3098 339 3170 -A
355 3097 493 3170 nihilo:
512 3096 550 3169 id
563 3109 631 3184 est,
643 3096 779 3170 debent
799 3098 868 3179 ÷A
880 3108 918 3170 et
930 3098 1015 3170 -Α
1028 3120 1110 3171 esse
1123 3096 1283 3195 aequalia:

255 3210 357 3306 quod
369 3222 426 3282 est
439 3209 631 3284 manifeste
648 3209 859 3284 absurdum.
895 3210 954 3283 nd
969 3234 1062 3307 quos
1079 3212 1284 3309 algebristaa

255 3324 393 3420 poterit
409 3323 470 3396 ille
483 3347 684 3420 provocare
701 3323 869 3419 aquibus
882 3346 957 3397 non
969 3319 1283 3398 condemnabitur?

256 3437 342 3510 Quo
371 3435 488 3510 fretus
511 3436 775 3531 pronuntiavit,
797 3435 869 3510 nisi
896 3434 995 3532 quod
1024 3438 1157 3512 scisset
1182 3460 1221 3512 se
1246 3432 1285 3509 ad

256 3550 416 3644 seipsum
440 3572 652 3643 provocare,
677 3550 781 3644 oujus
809 3547 1078 3623 authoritatem
1108 3562 1284 3625 secuturos

253 3684 317 3732 eos
343 3683 423 3733 esse
452 3660 631 3755 judicavit
653 3660 718 3755 qui
746 3659 1076 3734 Transactionibus
1102 3661 1284 3736 Societatis

256 3773 467 3845 emittendis
484 3772 642 3845 assidere
664 3772 795 3861 solent,
814 3772 878 3869 qui
907 3787 994 3845 suut
1021 3797 1120 3848 uuus
1145 3787 1184 3850 et
1207 3775 1285 3849 alter

256 3884 463 3981 algebristae
490 3910 510 3958 e
537 3886 594 3958 sui
619 3886 733 3983 ipsius
755 3884 907 3959 schola?
958 3887 1011 3959 At
1028 3887 1133 3984 quid,
1158 3888 1285 3986 inquiet

255 4000 353 4074 forte
370 3999 513 4095 aliquis,
532 4001 578 4073 ab
595 4024 671 4073 uua
687 3998 948 4072 dormitatione
964 4023 1125 4096 arguere
1151 3999 1284 4100 imperi·

255 4115 346 4186 tiam
364 4115 453 4186 artis
471 4137 595 4189 nonne
611 4114 779 4212 iniquum
796 4111 880 4185 est?
932 4112 1108 4210 iniquum
1132 4141 1208 4191 nou
1228 4124 1283 4197 sat,

254 4227 324 4300 nisi
352 4240 516 4301 erratum
533 4241 684 4326 paratus
708 4228 756 4301 sit
779 4226 959 4299 confiteri.
1011 4229 1088 4303 Sed
1114 4226 1283 4328 quomodo

253 4341 292 4413 id
308 4340 428 4414 facere
454 4354 590 4438 potest,
609 4344 681 4417 nisi
699 4340 807 4414 simul
823 4351 942 4414 totum
959 4341 1065 4417 illum
1089 4344 1224 4420 librum
1238 4344 1284 4418 De

253 4453 374 4527 Libra
391 4455 537 4530 futilem
555 4480 636 4530 esse
653 4457 767 4551 (sicut
790 4455 861 4550 est)
889 4457 1139 4534 confiteatur?
1190 4452 1282 4536 Quod

253 4582 295 4642 nt
327 4570 450 4662 faciat,
485 4569 624 4646 adduci
661 4592 846 4668 nunquam
879 4581 1003 4666 potest
1033 4574 1207 4673 egregius
1236 4569 1282 4646 ile
