2656 5136
385 636 624 693 unncrnrus
645 641 834 699 euricus.
1056 634 1129 714 227

444 970 694 1026 PROPOSITIO
713 976 771 1028 VI.

70 1108 220 1184 Rodios
237 1135 261 1182 e
288 1111 409 1185 medio
433 1137 526 1187 raro
553 1114 720 1190 incidens
743 1118 888 1216 oblique
908 1122 946 1194 io
971 1124 1127 1198 medium

119 1223 293 1312 densius,
312 1227 418 1321 eujus
435 1229 655 1325 superficies
665 1229 789 1329 plano
807 1242 876 1323 est,
895 1235 1126 1335 refringitur

118 1361 256 1410 verm
265 1341 590 1437 perpendiculum.

119 1487 178 1561 Sit
196 1490 266 1562 ΕΙ)
284 1502 388 1564 reete
404 1491 443 1563 in
467 1494 660 1588 superficie
677 1494 788 1590 plena
806 1498 916 1570 medii
936 1499 1125 1590 densioris,

70 1599 122 1672 itu
140 1615 184 1674 ut
202 1603 308 1699 quod
325 1616 382 1678 est
404 1627 516 1701 supra
533 1607 598 1680 ΕΙ)
618 1609 666 1680 sit
692 1609 853 1682 medium
877 1614 1007 1700 radun,
1026 1618 1126 1710 quod

69 1712 177 1802 infra,
205 1715 371 1790 densius,
417 1718 546 1812 Sitque

71 1828 106 1900 iu
124 1830 251 1904 medio
270 1855 355 1904 raro
377 1832 476 1906 linea
493 1832 547 1906 lu-

71 1943 120 2016 eis
149 1944 262 2040 (puta
295 1945 383 2019 solis
411 1946 547 2019 diame-

70 2061 182 2147 trum)
208 2058 290 2146 ΑΒ,
309 2083 331 2131 a
347 2084 421 2156 qua
440 2070 547 2133 exeat

70 2169 191 2244 radius
210 2172 318 2267 eujus
335 2172 453 2246 latera
468 2172 545 2262 ΑΕ,

72 2281 133 2355 BD
149 2284 229 2356 sint
246 2283 297 2357 ud
309 2284 375 2357 AB
392 2308 548 2381 perpen-

73 2395 261 2486 ocularia,
274 2409 314 2471 et
331 2397 379 2471 ud
396 2398 546 2495 planum

72 2508 132 2582 ΕΙ)
140 2510 306 2607 obliqua.
339 2512 546 2608 Propagoto
714 2579 724 2606 Ι,

73 2621 182 2718 igitur
209 2623 330 2697 altero
353 2624 446 2698 lueis
470 2635 546 2697 ter·
659 2623 709 2717 ,ᾖ

74 2737 167 2811 mino
203 2736 253 2810 ad
291 2737 445 2833 plenum
479 2738 544 2810 ED
640 2794 650 2823 χ

74 2847 106 2922 iu
121 2859 265 2947 puncto
288 2849 335 2936 D,
352 2851 446 2924 alter
469 2863 544 2924 ter-

74 2965 190 3036 minus
218 2986 296 3036 non
325 2963 545 3060 propagabi-

73 3085 129 3150 tur
144 3078 257 3151 simul
273 3077 323 3150 ad
340 3078 491 3175 planum
507 3076 547 3149 in
636 3123 650 3152 n

71 3186 109 3277 Ε,
143 3189 210 3264 sed
243 3191 435 3286 perveniet
464 3203 547 3263 tan-

70 3311 146 3377 tum
176 3303 226 3377 ad
248 3303 290 3390 C,
314 3304 368 3376 ita
394 3316 437 3376 ut
462 3302 527 3375 AC
554 3302 602 3375 sit
627 3304 778 3400 aequalis
806 3305 884 3377 BD.
938 3304 1124 3377 Produota

67 3428 170 3490 reeta
193 3417 275 3503 BD,
297 3417 366 3490 fiat
395 3417 469 3489 DH
498 3416 649 3512 aequalis
677 3428 789 3491 reetae
815 3419 886 3491 OE.
941 3419 980 3490 Si
1008 3418 1124 3512 igitur

65 3529 231 3604 medium
249 3541 433 3604 mutatum
451 3553 527 3603 uon
546 3543 655 3616 esset,
671 3531 818 3626 quando
834 3531 1013 3604 terminus
1030 3530 1122 3604 lueis

65 3643 101 3716 Α
118 3656 347 3741 propagatus
372 3654 470 3718 esset
496 3642 543 3716 ad
570 3644 613 3732 Ε,
641 3644 735 3718 ulter
767 3645 946 3718 terminus
972 3644 1123 3717 deberet

65 3780 146 3831 esse
163 3758 204 3830 iu
223 3758 273 3847 H,
295 3758 488 3830 immersus
511 3757 652 3831 seilicet
676 3759 744 3831 sub
763 3758 873 3854 plano
900 3758 966 3830 ΕΙ)
985 3767 1123 3854 quanta

65 3883 125 3944 est
154 3871 334 3944 distantia
361 3870 513 3944 minima
541 3870 638 3943 inter
666 3887 848 3967 punctum
873 3871 910 3943 H
939 3869 997 3942 vel
1029 3869 1058 3942 C
1084 3879 1123 3942 et

65 3998 207 4058 rectam
232 3985 311 4071 ΕΙ),
328 3984 388 4056 vel
411 3984 509 4056 inter
539 3983 694 4056 eandem
723 3997 864 4057 rectam
892 3984 958 4056 ΕΙ)
987 3996 1024 4056 et
1052 3984 1122 4056 sibi

65 4097 279 4191 parallelum
294 4097 369 4170 IH.
423 4096 609 4171 Quoniam
623 4121 712 4170 vero
724 4099 945 4194 supponitur
959 4097 1120 4170 medium

68 4210 135 4283 sub
153 4211 264 4308 plano
283 4212 349 4285 ΕΙ)
368 4211 516 4284 densius
535 4235 646 4306 quam
661 4212 760 4308 quod
784 4236 906 4308 supra,
926 4223 964 4283 et
986 4235 1121 4306 propa-

68 4325 148 4417 gari
165 4323 380 4398 debiliorem
400 4336 541 4398 motum
559 4325 597 4396 in
617 4324 733 4397 denso
745 4350 855 4420 quam
874 4325 911 4397 in
924 4347 1020 4410 roro,
1032 4336 1122 4395 tune

70 4437 216 4531 quondo
242 4437 348 4513 linere
376 4437 472 4512 tocie
490 4438 672 4511 terminus
692 4439 725 4510 A
743 4452 800 4511 est
822 4439 861 4511 in
878 4438 921 4524 E,
941 4437 1011 4509 erit
1028 4436 1122 4507 alter

71 4563 247 4638 terminus
270 4565 301 4638 B
327 4566 425 4638 inter
443 4565 479 4637 H
509 4576 548 4639 et
573 4565 619 4652 D,
644 4576 737 4661 puto
764 4567 803 4639 iu
824 4565 865 4637 L.
918 4564 1017 4658 Ergo
1048 4573 1122 4635 ter-

960 4701 986 4756 Q
1007 4698 1021 4737 u
