2656 5136
426 705 762 760 nccnssrnsrrcn.
1040 692 1113 771 379

70 868 216 936 Condere
231 893 290 936 nec
304 871 390 958 leges
400 872 508 957 jussit,
524 894 584 937 nee
599 871 715 939 hebere
730 873 872 940 tribunal

115 969 153 1033 ln
168 971 280 1042 terris;
305 971 360 1036 sed
375 994 429 1036 eos
444 971 491 1036 ire
505 972 628 1047 docere,
639 973 743 1056 jubet.

68 1068 145 1132 Non
160 1069 264 1153 placet
278 1069 338 1135 hoc
352 1093 470 1134 munus
484 1069 690 1155 sapientibus.
723 1069 836 1135 “Esse
851 1081 993 1137 meretur

112 1176 132 1204 ‘⁶
148 1168 216 1250 Qui
231 1169 305 1234 Rex
320 1169 489 1246 summus”,
504 1170 559 1245 ait,
576 1169 828 1256 “ludimagister
842 1171 949 1236 erit?”

69 1266 104 1331 Si
119 1278 319 1351 peccatorum
336 1292 432 1353 quem
448 1268 591 1355 poenitet,
607 1279 704 1353 etque
719 1269 856 1336 salutem

111 1365 289 1432 Concredat
306 1366 436 1434 Christo
451 1390 515 1432 non
530 1367 673 1433 variante
695 1368 769 1445 fide,
1031 1375 1115 1434 1120

68 1462 182 1530 Salvus
197 1466 268 1542 erit,
284 1467 381 1532 sacris
395 1467 422 1530 si
442 1466 491 1531 ses
505 1476 555 1531 est
569 1465 696 1531 eredere
710 1465 810 1531 libris.

110 1564 237 1629 Durum
255 1575 313 1643 est,
329 1565 496 1630 Romanus
509 1563 644 1630 clericus
658 1563 761 1630 omnis
775 1563 830 1630 ait.

67 1663 167 1729 Illene
183 1665 288 1729 salvus
303 1665 374 1740 erit,
391 1664 526 1749 quinon
540 1663 695 1749 intelligit
709 1673 818 1728 utrum

109 1761 258 1828 Christus
272 1763 367 1829 homo
383 1762 481 1828 suerit
495 1762 610 1839 fectus,
625 1785 667 1827 en
682 1761 845 1828 induerit?

66 1860 132 1942 Qui
145 1863 283 1946 penitam
297 1884 355 1925 esse
369 1860 483 1945 nequit
497 1860 693 1947 distinguere
709 1863 750 1926 eb
764 1883 823 1926 ecee
832 1862 1015 1947 profectum,

111 1960 181 2024 Aut
196 1959 297 2024 nescit
311 1959 440 2045 genitus
456 1959 513 2043 qui
528 1959 619 2024 Deus
634 1982 702 2025 esse
717 1960 845 2044 potest?

69 2058 103 2122 si
120 2058 215 2122 datur
229 2058 289 2124 hoc
304 2059 402 2135 laicis,
419 2059 539 2124 frustra
553 2068 602 2124 est
617 2059 773 2144 sapientie
787 2069 914 2125 nostre:

114 2156 226 2241 Atque
241 2156 362 2221 animas
377 2169 502 2222 nostres
517 2180 649 2243 corpora
662 2181 767 2223 erasse
780 2167 905 2245 regent.

67 2263 88 2291 “
105 2254 260 2332 Sernina”,
277 2255 426 2322 Christus
442 2256 497 2334 ait,
514 2264 534 2294 “
549 2257 633 2322 bona
647 2256 777 2340 quidam
793 2265 918 2322 severat
931 2257 1015 2322 orvis

111 2364 131 2391 “
142 2356 305 2440 Agricola,
322 2368 356 2421 at
370 2357 501 2422 veniens
516 2379 592 2422 mox
605 2356 754 2421 inimicus
769 2355 873 2434 homo,
1028 2360 1112 2421 1130

66 2462 85 2491 “
102 2454 208 2519 Nocte
224 2455 336 2532 latens,
352 2479 429 2542 agro
444 2455 565 2520 zizania
578 2455 662 2521 sevit
676 2454 796 2521 eodem.

108 2562 129 2590 “
146 2554 184 2617 In
199 2564 339 2640 segetem
354 2578 462 2620 semen
477 2555 579 2621 crevit
599 2567 774 2640 utrumque
788 2555 893 2620 simul.

64 2664 84 2690 ‘⁶
101 2652 259 2718 Mirantes
274 2655 367 2730 servi,
383 2654 537 2738 dubiique
553 2654 630 2739 quid
646 2665 730 2720 esset
744 2654 914 2741 egendum,

108 2760 127 2788 “
145 2751 195 2816 Ut
208 2775 276 2817 mos
291 2763 349 2829 est,
366 2753 529 2817 dominum
545 2753 733 2819 consuluere
748 2777 852 2818 suum.

65 2859 85 2887 “
101 2859 110 2887 ‘
126 2849 273 2915 Evclline
285 2852 380 2934 jubes
395 2851 471 2916 istus
485 2851 638 2917 radicitus
653 2851 791 2916 herbas?

109 2958 150 2986 “⁶
166 2949 232 3013 Vel
247 2949 273 3013 si
289 2973 353 3014 non
369 2950 474 3034 placet
489 2949 558 3026 hoc,
574 2950 672 3015 dicito
688 2951 766 3035 quid
781 2950 937 3017 sueimus’.

65 3057 85 3085 “
103 3048 171 3124 Ille,
189 3057 198 3085 ‘
213 3048 307 3112 simul
323 3061 467 3113 crescent
480 3049 557 3112 dum
572 3048 682 3113 messis
697 3048 839 3125 venerit,
854 3049 972 3134 inquit,

108 3156 128 3184 ‘⁶
144 3156 153 3185 ‘
169 3147 244 3233 Igni
259 3145 425 3212 fasciculos
440 3147 514 3211 inde
530 3157 639 3231 parate
653 3147 761 3212 meo'.”

65 3248 243 3312 llaereticos
260 3246 410 3313 Christus
424 3257 514 3311 vetat
528 3246 587 3311 hee
601 3248 661 3313 sub
672 3246 810 3332 imagine
824 3247 895 3313 tolli

107 3348 199 3412 Ante
214 3347 297 3411 diem
313 3358 503 3423 extremum,
514 3346 738 3430 judiciumque
753 3345 829 3412 Dei.
1027 3350 1110 3409 1140

63 3457 83 3486 ‘⁶
99 3447 265 3512 Doctrinae
281 3456 396 3511 vestrae
412 3445 439 3510 si
454 3445 554 3510 frater
576 3444 660 3511 sorte
674 3457 842 3531 repugnet,

107 3555 127 3583 “
142 3546 287 3611 Molliter
302 3545 389 3611 hune
403 3545 509 3610 verbis
531 3543 681 3620 instrue”‚
694 3543 816 3609 Paulus
830 3543 893 3609 eit:

64 3655 83 3683 “
101 3647 135 3710 Si
151 3646 241 3710 Deus
257 3645 343 3708 illius
359 3644 438 3710 velit
452 3643 636 3710 illucescere
650 3643 760 3720 menti,

107 3753 126 3781 ‘⁶
142 3744 176 3807 N
178 3768 195 3809 e
210 3767 274 3808 non
290 3742 434 3808 inveniet
447 3742 551 3828 gratia
565 3765 635 3808 sera
649 3742 784 3808 loeum'’.

63 3843 141 3907 Non
156 3843 263 3928 magni
278 3842 381 3907 secere
396 3842 511 3907 Patres
525 3853 652 3907 textum
667 3840 762 3919 hunc,
777 3863 882 3924 neque
897 3840 1000 3907 multo

106 3941 213 4005 Pluris
229 3942 274 4007 eis
288 3952 384 4006 rectae
399 3942 452 4007 lex
467 3941 599 4006 rationis
614 3951 690 4006 crat.

64 4039 209 4103 Maxima
224 4039 352 4123 quando
367 4063 437 4105 meo
452 4063 523 4106 mee
537 4063 588 4105 res
602 4040 644 4105 sit
658 4039 781 4126 agenda
794 4039 923 4125 periclo,

106 4138 204 4203 Meno
219 4149 309 4203 vetas
324 4139 383 4216 uti,
400 4150 447 4216 tu,
462 4140 586 4204 ratione
600 4140 696 4204 mea?

63 4238 226 4302 Daemonis
242 4238 357 4303 inferni
374 4239 400 4302 si
415 4249 447 4304 te
462 4239 543 4304 duce
557 4239 648 4304 labor
662 4239 694 4302 in
710 4238 829 4321 ignem,

107 4337 218 4418 (Quod
234 4360 274 4403 nc
289 4337 456 4423 continget
471 4338 577 4403 nescio
592 4338 670 4423 quid
686 4337 859 4423 prohibet),
1024 4341 1107 4400 1150

64 4436 219 4521 l'neeipit
235 4447 272 4500 ut
286 4435 422 4500 redimes
436 4437 489 4501 lex
503 4437 589 4521 eequi
604 4459 736 4522 corpore
751 4459 876 4522 corpus,

107 4536 236 4618 Proque
253 4534 354 4599 salute
370 4557 441 4598 mea
455 4535 586 4619 perdere
602 4535 684 4600 velle
699 4546 800 4599 tuam.

63 4636 145 4701 lleue
160 4635 261 4700 dietat
275 4633 367 4710 ratio,
383 4634 409 4698 si
424 4648 526 4721 coget
574 4634 640 4700 Det
654 4634 733 4698 milri
749 4633 805 4718 qui
821 4631 893 4697 vult
