2692 4792
120 262 205 336 xcvi

154 434 294 485 sicirculua
311 442 378 485 mato
389 441 460 483 motu
469 433 581 500 simplice
596 442 711 484 movente

153 500 300 566 descriptus,
311 500 404 549 circulo
416 516 489 564 quem
501 498 619 549 describit
632 516 709 565 punc·

154 565 548 631 tumabipsocircumactumesset
555 581 710 614 commensu-

154 631 247 690 rabilis,
258 630 368 680 redirent
377 629 409 678 ali
429 629 508 678 arando
517 629 646 694 utriusque
659 629 709 678 cir·

154 697 205 747 culi
216 705 308 761 puncta
319 695 351 744 ad
363 647 467 743 orandam
479 694 561 743 situm.
570 694 585 743 i.
594 701 640 744 265
647 695 708 743 :—si

154 761 253 840 sphaera
263 772 357 809 motum
372 759 508 824 simplicem
520 758 616 817 habeat,
627 769 709 808 motus

154 843 209 891 epus
219 825 298 888 magis
305 824 435 889 dissipabit
443 824 608 884 heteropcnea
616 833 709 887 quauta

155 890 274 940 remotior
293 899 331 939 est
351 906 366 937 a
385 888 457 954 polis.
474 888 490 937 i.
506 895 709 938 265·6:-·motus

154 955 197 1005 ille
208 955 234 1003 in
246 954 326 1019 planis
334 953 375 1002 axi
386 953 637 1019 perpendicularibus,
646 953 710 1002 nihil

155 1020 214 1084 agit
232 1020 248 1067 i.
265 1024 311 1070 267
320 1019 383 1068 :-si
404 1034 495 1082 corpus
516 1034 566 1066 non
587 1018 708 1083 liquidum

155 1085 233 1134 motui
251 1083 339 1148 liquidi
359 1083 475 1133 circulari
496 1082 602 1147 simplici
619 1085 708 1142 obstat,

155 1152 199 1199 fiet
218 1159 299 1197 motus
316 1148 475 1213 expansionis
491 1163 536 1212 per
546 1147 708 1212 superficiem.

155 1213 214 1263 ibid.
224 1222 344 1263 :-motus
364 1212 492 1262 circularis
513 1213 579 1261 circa
597 1223 709 1262 centrum

155 1294 257 1327 manens
268 1278 384 1342 imposita
394 1276 599 1327 circumferentia
610 1294 655 1326 nec
667 1278 709 1326 ad·

155 1343 276 1393 baercntia
286 1342 385 1409 projicit
396 1359 440 1407 per
451 1350 601 1403 tangentem.
612 1341 671 1392 ibid.

155 1416 237 1457 motus
248 1407 376 1457 circularis
384 1407 541 1471 compositus,
549 1407 616 1471 quid.
629 1406 709 1458 itti.

155 1472 290 1531 circularis,
301 1473 368 1522 circa
383 1488 455 1521 axem
466 1471 604 1530 immotum,
615 1472 711 1521 excutit

155 1538 254 1600 longius
265 1555 280 1586 a
287 1536 497 1602 controquicquid
505 1536 644 1600 superficiei
651 1553 710 1586 con·

155 1603 253 1665 tignum
264 1602 312 1667 ipsi
322 1618 371 1651 non
383 1601 499 1651 adhaeret
511 1601 527 1650 i.
539 1607 594 1651 268.

155 1667 270 1717 circulari
280 1667 391 1732 simplice
403 1676 476 1726 mota,
488 1675 581 1715 motum
591 1675 712 1730 generant

156 1733 270 1782 eundem.
282 1732 298 1781 'u
309 1738 364 1782 268.

157 1806 239 1846 motus
256 1813 306 1845 non
326 1796 374 1845 erit
384 1795 493 1860 perfecte
503 1794 641 1855 circularis,
651 1796 673 1845 si
684 1795 711 1845 id

157 1862 224 1926 quod
235 1861 271 1910 ita
280 1871 375 1911 motum
386 1870 425 1910 est
441 1861 530 1909 habeat
540 1861 643 1909 alteram
653 1876 710 1926 par-

156 1933 208 1976 tem
219 1927 313 1985 duram,
325 1927 426 1975 alteram
442 1925 550 1974 fluidam.
562 1926 578 1973 i.
591 1931 646 1976 270.

157 1990 207 2040 duo
217 2008 310 2067 genera
321 1991 465 2049 mediorum,
475 1990 502 2038 in
514 1990 604 2055 quibus
615 1990 648 2040 sit
658 2006 710 2039 mo-

156 2064 204 2106 tus
224 2073 241 2105 1.
259 2062 305 2107 272
315 2077 354 2106 ;-
372 2054 499 2120 ropagatio
511 2056 565 2120 ejus
582 2070 711 2120 acorporo

156 2121 183 2170 in
194 2138 223 2170 co
254 2138 290 2180 us,
300 2120 342 2185 qui
364 2158 368 2168 .
381 2120 440 2170 ibid.
449 2131 570 2170 :-motus
579 2136 595 2168 a
604 2119 711 2184 compri-

156 2137 288 2244 mentibus,
311 2185 373 2250 quis
393 2184 591 2235 ibidz-motus
609 2192 648 2233 est
666 2184 711 2233 ali-

157 2251 256 2315 quando
267 2250 292 2299 in
302 2249 441 2364 oppositum
453 2249 568 2298 moventi
579 2250 596 2297 i.
607 2255 662 2300 276.

157 2324 239 2364 motas
250 2316 276 2362 in
287 2332 312 2362 m
344 2316 368 2362 io
376 2314 450 2377 pleno
458 2321 608 2379 propagatur
618 2315 649 2363 ad
661 2314 711 2363 dis·

157 2380 260 2428 tantiam
280 2380 421 2444 quamlibet.
431 2379 446 2427 i.
460 2385 506 2430 278
517 2388 582 2428 :-et
593 2380 619 2428 id
635 2379 661 2428 in
673 2379 711 2427 in·

157 2454 244 2494 stante.
263 2444 278 2494 i.
290 2451 465 2494 3192-motus
482 2444 509 2492 iu
529 2461 631 2509 corpore
653 2461 711 2494 con·

158 2509 228 2558 tinuo
240 2519 391 2574 propagatur
401 2509 427 2557 in
438 2509 570 2559 inlinitum.
581 2509 599 2557 i.
609 2516 665 2559 405.

158 2590 311 2639 quaecunque
331 2591 416 2638 pressa
434 2584 477 2623 aut
495 2583 564 2623 tensa
575 2590 602 2623 se
613 2574 712 2623 restitu-

157 2649 210 2698 unt,
223 2650 316 2689 motum
328 2640 420 2688 habent
434 2639 582 2714 inpartibus
601 2638 713 2688 internis.

157 2703 173 2754 'a
186 2711 234 2754 280
240 2714 360 2754 :—motus
371 2703 543 2762 restitutionis,
555 2704 618 2767 quis.
631 2703 690 2752 ibid.

158 2779 241 2818 motus
263 2769 372 2834 incipere
389 2785 438 2817 non
460 2778 542 2833 potest
557 2768 583 2817 in
602 2769 713 2834 partibus

158 2835 269 2899 corporis
280 2834 392 2883 internis.
403 2834 419 2882 i.
431 2840 486 2883 283.

159 2900 256 2964 quoties
278 2899 361 2964 plures
390 2899 504 2947 dicautur
529 2905 618 2958 motus,
642 2898 714 2948 toties

158 2965 231 3029 plura
242 2981 340 3028 quoquc
352 2974 469 3028 tempora.
481 2963 496 3011 i.
509 2969 564 3012 321.

159 3040 242 3079 motus
260 3029 385 3086 animales,
404 3028 464 3092 quid
483 3039 548 3076 sunt.
568 3027 585 3076 i.
602 3033 657 3077 330.
677 3028 714 3078 iii.

159 3101 192 3143 40
203 3094 331 3153 :··-iitalis,
350 3093 417 3159 quid.
434 3093 450 3141 i.
471 3099 526 3142 331.
545 3093 580 3141 iii.
598 3092 714 3142 soz—vi-

160 3159 224 3215 talis,
236 3159 257 3207 si
277 3159 433 3224 impediatur,
446 3157 586 3206 restituitur
602 3157 640 3205 vel
656 3174 715 3206 con·

160 3234 273 3273 servatur
289 3224 419 3288 quomodo.
428 3223 444 3272 i.
457 3230 532 3272 3312
543 3233 651 3271 :—mctu
662 3223 714 3271 ani-

159 3290 218 3337 mali
241 3299 344 3338 conatus
372 3289 474 3353 primus,
494 3286 562 3352 quid.
587 3287 603 3336 i.
618 3294 665 3336 332
677 3308 715 3337 :-

160 3363 242 3402 motus
260 3354 380 3412 animulis,
397 3353 423 3400 iu
436 3353 543 3409 statibus,
554 3351 641 3416 qualis.
653 3351 715 3402 ibid.

160 3429 241 3466 motus
259 3422 377 3466 circularia
396 3418 501 3482 simplex
520 3417 573 3474 sirii,
594 3426 674 3475 terra»,
691 3428 716 3466 et

160 3483 265 3546 planetis
278 3482 382 3546 singulis
394 3483 465 3541 inest,
479 3493 504 3531 et
521 3498 618 3545 semper
629 3482 715 3531 eruti

160 3553 207 3596 346
214 3568 236 3597 :-
242 3549 401 3612 -supponitur
408 3563 456 3595 non
469 3547 541 3595 modo
552 3547 578 3594 in
590 3557 663 3604 terra,
672 3547 716 3595 sed

160 3612 234 3661 etiam
246 3612 271 3660 in
284 3612 342 3671 sole,
354 3612 419 3669 luna,
428 3621 452 3660 et
464 3611 566 3675 reliquis
576 3611 654 3660 stellis
666 3620 715 3660 tam

160 3677 218 3726 fixis
241 3694 314 3741 quam
337 3677 483 3725 errantibus.
502 3676 533 3725 iv.
545 3682 601 3733 310,
619 3683 667 3725 314
677 3696 716 3725 :-

160 3742 226 3791 idem
238 3742 303 3791 inest
316 3742 390 3790 etiam
401 3742 427 3789 in
439 3757 523 3789 eornm
539 3740 648 3789 minimis
660 3758 716 3805 pur·

160 3807 250 3856 ticulis.
267 3807 298 3856 iv.
310 3805 610 3870 abor—reciprocationes
632 3822 715 3854 eurum

160 3888 209 3921 non
222 3883 303 3921 tanuen
311 3871 418 3935 aequales
430 3881 494 3929 sunt,
504 3887 548 3919 nec
557 3871 644 3918 iisdem
654 3879 715 3920 tem-

160 3938 262 4001 poribus
274 3937 441 4002 perlicirmtur.
452 3935 484 3985 iv.
493 3941 628 3986 3572-1101
637 3952 716 3984 nesu-

161 4017 205 4064 per
216 4003 279 4066 polis
291 4002 378 4050 iisdem
391 4009 433 4050 aut
443 4000 574 4064 paudlelis.
586 3954 638 4048 ibid

160 4077 242 4115 motus
252 4067 327 4115 annui
343 4077 368 4114 et
379 4066 470 4123 diurni,
487 4074 512 4114 ct
527 4064 667 4129 apparentis
678 4065 715 4112 di-

160 4132 285 4189 rectionis,
306 4132 427 4190 statioois,
448 4140 474 4178 et
497 4130 716 4193 retrogradationis

160 4196 322 4260 planetarum,
333 4213 414 4244 cataste
425 4195 561 4259 possibiles
573 4195 589 4243 i.
601 4201 701 4244 ass-50.

160 4271 242 4310 motus
253 4261 372 4325 simplicis
384 4259 528 4327 suppositio,
539 4259 604 4309 uada
616 4260 644 4309 fit
651 4260 715 4309 reri·

160 4325 349 4377 simflistaso.

648 283 798 335 INDEX.

760 434 889 486 circularis
900 435 945 501 qai
963 439 1082 487 maa-da
1092 436 1193 495 dicitur,
1204 437 1278 502 qaam
1286 438 1300 486 i.

760 501 952 551 aso:-nullum
968 501 1002 551 ad
1018 501 1071 551 alia
1088 518 1195 567 corpora
1208 511 1302 551 canaan

760 574 888 631 propagat,
900 583 986 631 quare.
1004 566 1069 616 ibid.
1076 583 1173 633 :-qmc
1183 583 1198 615 a
1212 583 1239 617 rc
1249 578 1301 617 nau

761 630 872 696 simplice
888 641 957 681 mota
973 640 1117 691 moventur,
1130 631 1300 681 omniamma

760 703 801 744 tur
812 695 899 745 eadem
910 697 1052 747 velocitate.
1065 696 1083 747 i.
1095 703 1154 755 262,
1163 702 1218 746 267.

760 770 842 810 motus
853 762 934 811 omnis
951 761 979 811 in
994 761 1128 812 materiam
1138 777 1234 811 omnem
1243 761 1298 811 babet

759 826 874 875 effectam
889 826 1007 891 aliquem.
1023 827 1230 878 iiiior-motus
1242 826 1297 875 medii

760 906 791 938 cx
803 907 853 965 quo
863 901 964 941 ποεῖ-ιιι·
974 907 1060 950 sonus,
1072 908 1124 941 noa
1137 902 1242 948 cananis,
1250 891 1297 940 aaa

760 955 786 1003 ia
796 957 899 1015 visione,
910 956 955 1005 sed
965 956 1097 1021 percussio
1107 965 1155 1006 est.
1166 955 1183 1006 i.
1193 962 1243 1007 396

760 1029 1095 1085 ωοιιιερτορῳωωοοτιι
1100 1020 1294 1086 sdeadpertare

761 1085 864 1150 pedibus
875 1101 1001 1150 percussae
1011 1094 1099 1151 partes
1109 1101 1222 1135 summas
1231 1086 1245 1135 i
1253 1091 1293 1134 tot

761 1158 834 1199 terras
844 1160 927 1199 motus
942 1154 1066 1200 circulmia
1075 1154 1177 1214 dania,
1192 1150 1293 1200 amad·

760 1230 861 1263 scensas
872 1215 996 1279 gravium.
1007 1215 1025 1265 i.
1035 1220 1093 1266 417.
1103 1216 1137 1264 iv.
1149 1221 1203 1266 262.

760 1288 842 1329 motus
861 1279 1005 1345 reciprocas
1027 1280 1153 1344 magnetis
1171 1288 1293 1345 propagetur

760 1360 805 1409 per
815 1360 897 1393 aerem
910 1344 1033 1421 usquead
1044 1345 1148 1403 ferrum,
1163 1354 1190 1394 ct
1200 1344 1291 1395 marai·

760 1408 973 1469 natioindeaens,
981 1426 1059 1460 cansa
1064 1410 1291 1475 virtutimagnetiac

760 1473 777 1523 i.
790 1480 845 1523 428.

760 1547 842 1587 motus
852 1537 1030 1588 intestinorum
1039 1538 1210 1605 peristalticm
1220 1538 1242 1588 i'a
1250 1545 1268 1587 2

762 1602 793 1652 de
804 1603 963 1668 perceptione
974 1612 1065 1654 motus.
1082 1604 1109 1654 ii.
1121 1611 1193 1654 13-14
1201 1602 1291 1654 a-seati·

762 1676 803 1718 tur
821 1676 875 1717 tum
892 1669 973 1717 solnm
992 1685 1051 1718 cum
1073 1670 1192 1719 sentimus
1206 1667 1292 1718 cantati

762 1748 834 1782 axem
845 1732 962 1798 opticum.
979 1733 1005 1783 ii.
1021 1740 1049 1783 15
1059 1735 1122 1784 2-si
1138 1733 1218 1783 oculas
1231 1744 1252 1782 et
1260 1733 1291 1781 ab

758 1799 854 1862 jectum
864 1814 1022 1847 communem
1034 1807 1130 1848 motum
1141 1799 1245 1855 habeant,
1253 1813 1291 1846 mo·

762 1871 802 1912 tus
813 1862 905 1940 objecti
916 1879 966 1911 nan
977 1863 1109 1914 sentietur.
1118 1864 1144 1913 ii.
1159 1863 1245 1914 162—ai
1252 1877 1292 1910 ma·

762 1935 802 1976 tiis
813 1927 904 1991 objecti
915 1944 947 1977 ex
958 1927 1075 1993 pluribus
1090 1928 1196 1979 motibus
1206 1928 1234 1977 sit
1242 1942 1293 1977 cam·

762 1991 865 2057 positus,
882 2008 989 2056 quorum
1006 2009 1072 2043 unus
1088 1994 1129 2042 rel
1163 1993 1223 2043 lares
1238 1990 1293 2041 acala

762 2056 813 2106 sint
823 2074 879 2105 cum
896 2056 940 2107 illo
955 2074 1109 2118 communes,
1127 2059 1133 2070 '
1155 2059 1161 2069 '
1176 2055 1293 2107 monicali

762 2121 805 2186 qai
817 2137 866 2171 non
883 2131 942 2172 sunt
958 2138 1112 2182 communes,
1124 2139 1196 2173 sensu
1210 2121 1293 2189 percipi
1336 2120 1338 2137 '

761 2196 842 2236 entur.
853 2186 913 2236 ibid.
1336 2202 1338 2209 ·

761 2260 872 2300 motuum
882 2252 1068 2316 consequentiae
1083 2269 1135 2302 non
1150 2260 1204 2302 sunt
1213 2266 1294 2316 cogam
1336 2298 1338 2307 .

762 2316 847 2365 cendrc
858 2316 912 2364 sino
923 2317 1068 2381 geometria.
1078 2317 1105 2367 ii
1117 2323 1156 2367 03.

762 2390 844 2429 motus
855 2380 918 2430 nihil
929 2392 1035 2445 generat
1045 2394 1138 2447 prretcr
1145 2380 1294 2431 motum.iii.6

763 2461 852 2510 corpus
863 2455 967 2504 motum,
976 2446 1003 2494 ni
1015 2456 1098 2496 motus
1108 2450 1161 2512 ejus
1172 2447 1201 2495 ab
1211 2447 1253 2495 alio
1261 2462 1295 2493 ex·

763 2510 898 2574 tinguatur,
911 2527 1009 2576 semper
1020 2522 1161 2576 promotum
1179 2511 1229 2560 erit
1238 2511 1267 2559 iii
1275 2515 1295 2559 t:

763 2587 878 2624 —motns
889 2591 939 2623 non
951 2576 978 2624 in
985 2577 1103 2636 instante,
1116 2577 1159 2626 scd
1170 2577 1195 2625 in
1205 2587 1295 2641 tempore

763 2648 790 2689 et
797 2640 919 2703 gradatim
931 2641 1098 2703 extinguitur.
1110 2642 1145 2691 iii.
1156 2648 1179 2691 6.

763 2714 845 2754 motus
856 2722 871 2754 a
881 2706 984 2755 cerebro
996 2706 1027 2754 ad
1038 2707 1100 2756 alias
1111 2716 1192 2772 partes
1206 2702 1296 2780 eorporis

763 2770 881 2830 intemas‚
892 2779 917 2819 et
924 2770 955 2819 ab
967 2770 1017 2819 illis
1029 2771 1062 2819 ad
1070 2771 1204 2829 cerebrum,
1210 2784 1296 2834 recapro

764 2851 808 2883 cus
827 2846 872 2884 est
892 2836 927 2884 iii.
942 2841 978 2884 ll.
991 2835 1007 2884 i.
1019 2842 1195 2886 dvx—motus
1212 2835 1250 2900 qni
1264 2832 1295 2882 dii

764 2899 820 2948 aliis
830 2900 966 2949 succedunt
976 2901 1002 2948 in
1015 2902 1139 2960 sessione,
1149 2909 1264 2949 remanent
1271 2897 1295 2945 si·

764 2964 816 3013 mul
828 2965 901 3013 ctiam
913 2965 939 3012 in
951 2965 1137 3030 imaginatione.
1147 2966 1183 3014 iii.
1192 2972 1296 3014 1⁵:—mo·

764 3038 813 3088 tus,
824 3040 915 3094 praeter
926 3046 1025 3078 sensum
1037 3039 1063 3080 et
1081 3031 1269 3089 imaginationem
1278 3036 1297 3074 et

765 3093 942 3158 cogitationum
959 3095 1059 3154 seriem,
1070 3097 1096 3145 in
1114 3097 1195 3144 animo
1210 3095 1296 3142 hamana

765 3158 830 3207 inest
849 3159 938 3209 nullus.
950 3159 985 3207 iii.
997 3166 1029 3208 20
1041 3171 1191 3209 :—motuum
1208 3158 1296 3208 omnium

766 3224 959 3272 voluntariorum
967 3224 1121 3291 principium
1133 3226 1250 3274 internam
1256 3236 1297 3271 mse

765 3288 926 3353 phantasiam.
939 3288 974 3338 iii.
986 3296 1026 3339 40.

766 3361 847 3401 motus
857 3362 1003 3417 potestesse
1020 3354 1049 3402 in
1069 3355 1152 3421 spatio
1162 3352 1296 3420 quantulum·

766 3434 862 3482 cunque
874 3435 955 3482 parvo.
967 3418 1002 3467 iii.
1015 3426 1056 3469 40.

766 3493 848 3532 motus
858 3483 924 3531 iutra
935 3483 1072 3532 humanum
1084 3494 1296 3550 corpuaanteqaam

767 3551 894 3603 {accedenda
901 3551 1016 3610 loquendo,
1026 3550 1175 3614 caterisque
1183 3546 1296 3598 actionibus

766 3612 905 3662 visibilibus
924 3623 1067 3677 appareant,
1084 3625 1202 3664 scitamur
1219 3620 1295 3661 aaran

767 3677 802 3725 iii.
815 3684 853 3726 40.

767 3750 848 3790 motus
860 3741 1043 3806 metaphoricos
1055 3743 1207 3793 Scholarum.
1217 3742 1248 3791 iii.
1258 3745 1285 3788 41.

766 3805 792 3854 id
804 3807 869 3870 quod
882 3818 983 3855 vocatur
994 3816 1038 3856 aut
1049 3811 1154 3870 uoluptas
1164 3818 1205 3857 aut
1220 3806 1295 3854 aalma

767 3871 850 3928 animi,
863 3879 900 3920 est
912 3872 1035 3936 apparitio
1046 3884 1130 3922 motus
1142 3874 1224 3938 qualis
1234 3871 1294 3920 titis
1335 3868 1338 3885 ¹

767 3946 848 3984 motus
868 3944 893 3985 et
909 3937 1064 3996 magnitudo,
1079 3939 1191 4003 corporis
1208 3934 1295 3985 acciden-

767 4000 802 4048 tia
812 4001 868 4049 dno.
881 4001 916 4049 iii.
926 4008 956 4051 66
965 4014 1090 4051 2-motns
1101 4007 1198 4052 visibiles
1208 4011 1230 4051 et
1239 3998 1295 4069 aad·

766 4069 825 4113 biles.
836 4065 871 4114 iii.
884 4071 912 4116 67
922 4066 1064 4116 :-illcrum
1076 4068 1180 4117 scientia
1196 4066 1295 4116 mechanl·

766 4147 859 4187 corum,
871 4131 959 4179 horum
971 4131 1084 4207 physicae
1096 4133 1217 4197 objectum
1227 4139 1265 4180 est
1272 4126 1294 4174 ib

766 4194 841 4243 animi
853 4204 935 4244 motas
944 4208 1148 4272 primospeceata
1154 4214 1212 4255 esse,
1221 4204 1295 4245 sante·

766 4260 801 4308 tia
811 4259 916 4308 nimium
927 4276 1020 4311 severa.
1031 4261 1069 4312 iit.
1080 4268 1141 4313 210.

766 4331 877 4375 motuum
888 4333 914 4375 et
924 4325 1074 4390 ponderum,
1090 4335 1120 4378 ut
1129 4326 1230 4378 utinam
1238 4334 1296 4390 qma
