2656 5136
66 826 152 877 PROP.
169 827 212 869 111.

64 895 209 932 -w-ae

251 625 299 690 66
406 638 631 693 DOCTRINAE
648 637 925 693 wattlsltnus
944 637 999 690 DE
1018 636 1141 693 stow

250 804 353 895 liter,
370 807 406 879 oi
433 832 481 882 eu
497 807 679 907 quotlibet
701 806 944 906 componitur,
961 804 1056 880 doto
1081 805 1286 905 compotita,

250 928 288 992 et
315 919 375 992 oel
402 944 477 994 ooo
501 921 562 995 oei
587 919 766 1019 quotlibet
781 918 1082 1017 componentium,
1098 917 1163 993 oei
1169 918 1288 993 teloio

250 1034 456 1128 composito
470 1063 484 1117 ,·
511 1033 629 1108 datur
644 1032 852 1133 composito
869 1057 918 1107 ea·
933 1031 1107 1130 reliquis.

299 1145 398 1219 Vera
414 1159 483 1237 est,
501 1146 568 1221 sed
584 1170 661 1221 non
679 1146 943 1237 demonstrata,
960 1145 1050 1243 quia
1066 1145 1291 1221 deducitura

249 1259 482 1354 praeoedente
499 1283 576 1334 non
594 1259 857 1334 demonstrata

538 1568 874 1623 nnonosrmouas
890 1569 949 1638 iv,
966 1570 1008 1622 v.

300 1711 363 1784 IV.
400 1709 445 1783 Si
471 1709 572 1783 rotio
601 1710 740 1808 quaeois
775 1735 857 1784 eum
889 1710 1124 1809 (equalitatis
1158 1700 1294 1787 raone

248 1832 520 1922 computator,-
544 1823 675 1897 eodem
702 1833 827 1898 monet
852 1849 935 1922 que
947 1824 1064 1923 prius
1078 1825 1195 1899 totio.
1243 1825 1293 1901 Et

247 1947 405 2011 eontra:
432 1962 512 2035 quoe
542 1962 622 2011 eum
650 1936 735 2011 aiio
767 1937 918 2012 ratione
943 1939 1174 2037 composita,
1197 1938 1294 2015 itto-

247 2075 319 2125 ooo
336 2051 519 2137 immutat,
535 2062 594 2126 eet
609 2049 845 2150 (equalitatis
861 2051 970 2125 ratio.

296 2166 341 2238 V.
372 2165 614 2250 Quoutitotee
638 2162 826 2262 quelibet,
852 2164 891 2239 iu
916 2163 1047 2239 eodem
1072 2165 1225 2241 ratione
1243 2162 1297 2240 oet

246 2288 369 2352 ooctae
386 2278 446 2351 oei
462 2277 682 2360 dimiootoe;
707 2276 747 2351 in
764 2277 894 2352 eodem
916 2301 989 2375 quo
1004 2277 1123 2376 prius
1137 2278 1196 2353 od
1207 2278 1295 2355 ittoi-

247 2416 322 2464 eem
339 2391 489 2463 ratione
505 2390 785 2463 constituuntur.

295 2504 429 2577 Ambae
445 2526 541 2576 vera
558 2517 656 2592 sunt,
670 2502 736 2576 sed
753 2512 886 2576 neutra
902 2502 1170 2580 demonstrata.
1221 2506 1292 2580 Imo

244 2619 353 2712 juxta
370 2617 579 2691 doctrinam
600 2616 646 2689 ab
677 2616 757 2712 ipso
789 2615 940 2703 editam,
967 2629 1105 2691 neutra
1120 2644 1212 2694 vera
1232 2632 1293 2694 est

249 2730 417 2825 Utraque
434 2742 572 2819 autem,
589 2741 631 2802 ut
648 2729 695 2803 ab
712 2728 776 2803 illo
794 2730 992 2825 profertur,
1010 2730 1175 2806 obscura
1190 2744 1256 2808 est

301 2843 446 2917 Quarta
474 2866 564 2916 vera
596 2855 664 2931 est,
694 2856 846 2939 propter
875 2866 958 2916 eam
988 2843 1108 2917 solam
1139 2870 1293 2935 oausam,

248 2956 349 3052 quod
366 2956 462 3030 ratio
479 2956 631 3053 aequalis
649 2956 698 3029 ad
721 2956 863 3052 aequale
879 2981 955 3031 non
973 2967 1030 3030 est
1047 2960 1250 3055 quantitas.

300 3070 552 3167 componatur
579 3071 679 3144 enim
702 3094 788 3143 oum
809 3071 952 3144 ratione
969 3071 1004 3143 A
1021 3071 1070 3145 ad
1089 3073 1138 3162 A,
1158 3074 1294 3148 ratioA

248 3183 296 3257 ad
326 3184 516 3258 dimidiam
533 3186 579 3273 A,
601 3185 677 3257 sive
694 3186 762 3274 iA,
790 3185 898 3258 utin
926 3185 984 3258 his
1015 3186 1291 3282 quantitatibus,

248 3298 295 3387 A,
312 3298 359 3387 A,
377 3298 445 3379 sA.
497 3297 737 3370 Manifestum
763 3307 820 3371 est
849 3297 1031 3371 rationem
1056 3302 1293 3397 compositam

248 3436 295 3485 ex
312 3413 347 3484 A
363 3413 484 3508 prima
509 3411 558 3485 ad
573 3411 610 3483 A
627 3410 839 3499 secundam,
861 3424 900 3484 et
930 3434 976 3483 ex
1003 3412 1038 3484 A
1063 3414 1230 3489 seeundo
1252 3412 1293 3489 ad

248 3523 304 3605 §A
331 3527 492 3615 tertiam,
526 3526 674 3621 (nempe
703 3526 736 3598 A
765 3524 922 3622 primam
953 3525 1003 3599 ad
1025 3526 1115 3619 iA),
1146 3529 1292 3603 eandem

248 3661 329 3711 esse
363 3663 448 3711 cum
474 3639 617 3712 ratione
649 3637 821 3711 secundae
847 3639 881 3710 A
903 3637 951 3711 ad
978 3640 1035 3718 iA
1065 3642 1238 3716 tertiam:
1259 3640 1292 3715 id

247 3749 347 3847 quod
376 3752 455 3847 ipse
483 3751 562 3825 vult
591 3775 673 3824 cum
702 3749 804 3839 dicit,
833 3751 899 3823 “si
921 3753 1018 3825 ratio
1047 3757 1188 3849 quavis
1216 3778 1291 3830 oum

247 3865 470 3960 aequalitatis
487 3867 631 3939 ratione
649 3865 894 3961 componitur,
913 3864 1042 3939 eadem
1071 3882 1201 3944 manet
1219 3890 1291 3967 qua

247 3979 349 4075 prius
379 3979 511 4065 ratio'’;
538 4002 749 4076 quanquam
770 3979 884 4052 verba
908 3980 988 4074 ejus
1020 3979 1060 4053 id
1082 4005 1161 4057 non
1187 3980 1289 4080 signi·

246 4095 369 4166 ficent.

293 4206 348 4278 Ex
366 4231 440 4303 quo
455 4206 693 4283 manifestum
711 4217 780 4295 est,
795 4207 976 4281 rationem
996 4208 1222 4303 aequalitatis
1241 4209 1291 4304 (ut

241 4319 387 4415 putavit
421 4320 518 4423 ipse)
556 4344 633 4395 non
668 4343 748 4393 esse
783 4319 1040 4415 quantitatem.
1094 4320 1197 4397 Nam
1226 4346 1291 4397 una

240 4434 336 4506 ratio
365 4435 593 4535 aequalitatis
622 4457 692 4507 neo
718 4434 837 4528 major
854 4457 923 4505 neo
939 4432 1060 4506 minor
1079 4448 1137 4508 est
1154 4437 1227 4511 alia
1242 4460 1289 4510 ra·

239 4547 341 4624 tione
359 4547 603 4648 aequalitatis:
622 4547 663 4621 id
677 4546 777 4643 quod
791 4571 876 4623 oum
889 4570 958 4642 ego
972 4545 1289 4637 demonstrassem,
