2692 4792
341 292 394 345 na
421 293 702 349 urnsarmaus
735 295 868 348 rucei.
1049 279 1121 356 337

22 454 54 514 (t
78 451 232 520 AEstibus
247 451 296 518 his
311 453 430 519 nullam
444 454 582 541 praefigit
597 454 784 542 Ephemeris
798 457 916 522 boram.

77 552 168 639 Ergo
183 551 261 637 quid
275 553 308 617 in
324 576 417 619 causa
431 554 503 619 est?
545 554 661 620 Paucis
676 555 721 620 sic
735 556 850 643 accipe
896 556 1010 624 Prodit

22 644 25 651 ’
78 651 164 735 Quae
179 651 295 718 tellure
310 675 387 718 cava
401 652 549 738 fontique
563 654 705 720 illabitur
721 655 807 720 unda

78 752 229 828 Advena,
246 774 309 816 non
325 752 408 817 istuc
422 753 549 839 proprio
564 753 668 819 delata
683 754 785 820 canali

78 849 243 926 Pervenit,
258 861 356 935 atque
371 851 479 917 volens
494 852 613 918 alienos
628 864 762 938 occupat
776 864 882 919 ortus:

79 947 143 1015 Sed
158 950 236 1014 dum
251 949 401 1016 ductricis
416 950 562 1035 sequitur
576 951 710 1038 vestigia
724 952 873 1038 lymphae,

79 1047 353 1135 Longinquosque
368 1049 450 1135 petit
464 1072 520 1135 per
535 1063 628 1116 terrae
645 1050 764 1116 viscera
778 1051 893 1129 fontes,

78 1145 186 1212 Intrat
201 1147 234 1211 in
249 1147 393 1234 angustis
407 1147 573 1214 subeunda
586 1149 742 1214 meatibus
756 1163 856 1215 antra.

79 1244 156 1311 Huc
171 1246 297 1330 quoties
311 1246 426 1311 humor
440 1246 614 1312 tumefacta
627 1247 739 1312 defluit
753 1248 848 1326 unda,

78 1343 307 1431 Praecipitique
320 1344 443 1410 aditum
458 1345 655 1431 comprendit
668 1344 799 1412 flumine
814 1357 929 1424 totum,

22 1448 56 1510 lt)
79 1443 232 1510 Protinus
247 1468 324 1510 aura
337 1445 442 1510 locum
458 1444 606 1511 conclusa
619 1455 738 1522 tuetur,
750 1446 906 1531 aquisque

77 1542 240 1631 Pemegat
254 1543 442 1631 ingressum,
458 1567 517 1610 nec
531 1544 650 1610 habens
665 1568 729 1631 quo
744 1546 864 1624 cedere,
880 1556 1019 1633 pugnat:

80 1643 193 1728 thue
208 1653 258 1709 est
271 1643 425 1730 deprensa
440 1643 518 1708 nibil
533 1644 730 1710 obfirmatius
745 1669 830 1724 aura,

79 1742 226 1808 Sustinet
241 1753 391 1828 urgentes
405 1742 482 1807 exili
497 1765 626 1828 corpore
640 1743 797 1830 lymphas,

78 1840 175 1918 Tum,
191 1841 334 1907 conserta
348 1840 437 1907 velut
451 1841 478 1907 si
492 1841 592 1928 portis
607 1841 708 1906 irruat
722 1843 817 1908 arctis

78 1939 199 2018 Turba,
215 1939 348 2018 haerent,
364 1941 432 2028 ipso
447 1941 544 2007 defixi
559 1941 592 2005 in
607 1941 724 2018 limine,
740 1941 854 2027 primi;

78 2038 159 2122 Qua
174 2040 321 2124 sequitur
335 2051 400 2106 stat
416 2039 609 2126 proforibus
624 2040 742 2126 stipata
755 2053 892 2117 caterva,

77 2138 222 2224 Parsque
238 2151 331 2227 urget
346 2139 455 2216 socios,
470 2139 547 2205 alias
561 2139 712 2205 dilabitur
726 2151 760 2205 et
774 2162 846 2225 pars

78 2237 263 2321 Quaesitum
278 2237 361 2303 vias:
386 2239 533 2305 exclusus
547 2239 670 2305 defluus
684 2238 798 2303 humor

79 2336 234 2414 Intumet‚
251 2337 481 2424 impatiensque
496 2361 593 2404 morae
608 2338 798 2423 expatiatur,
814 2347 847 2401 et
860 2359 968 2401 errans

22 2430 53 2495 ld
78 2436 200 2502 Fertur
214 2437 247 2500 in
262 2435 347 2502 hunc
361 2437 493 2514 fontem,
507 2438 665 2502 lentarum
680 2436 834 2522 impulsor
847 2458 1013 2520 aquarum.

77 2536 167 2602 Hinc
183 2536 221 2600 fit
235 2548 307 2622 post
322 2559 452 2623 magnos
465 2535 569 2623 guttis
583 2535 774 2623 pluvialibus
786 2535 902 2600 imbres

76 2634 286 2701 Transmissis
299 2647 397 2700 aestus
411 2634 479 2701 fieri
494 2637 629 2711 crebros,
645 2634 726 2701 etin
740 2634 832 2700 horas

75 2734 231 2800 Fluctum
245 2733 300 2818 (ut
312 2736 414 2818 nunc)
429 2733 550 2799 vicibus
564 2733 634 2799 tolli
648 2743 681 2798 et
695 2733 857 2798 subsidere
872 2731 985 2797 ternis:

77 2832 142 2899 Sed
158 2841 233 2918 post
245 2830 404 2897 continuis
418 2831 564 2897 tellurem
580 2830 743 2896 ardoribus
758 2842 872 2907 ustam,

77 2932 146 2996 vix
161 2930 259 2996 semel
274 2929 307 2997 in
321 2941 390 2995 toto
404 2928 491 2995 cerni
505 2928 573 2994 haec
587 2928 738 2994 miracula
752 2951 868 2994 mense

76 3030 152 3095 Jam
169 3040 294 3094 nostros
308 3028 436 3115 fugiens
451 3028 538 3094 visus
551 3027 662 3114 auriga
675 3027 738 3092 diei

79 3127 262 3215 Antipodas
276 3137 344 3193 tota
359 3126 515 3193 lustrabat
528 3125 691 3212 lampade3
715 3125 806 3191 nobis

79 3227 248 3313 nguida
261 3248 419 3291 succensae
434 3227 619 3311 praebebant
633 3224 753 3290 lumina
767 3225 867 3288 nubes
879 3247 887 3297 3

80 3328 123 3393 Et
137 3325 233 3392 simul
247 3324 288 3390 ad
301 3324 457 3391 celebrem
472 3323 588 3409 tepidis
602 3322 790 3408 deponimur
805 3320 897 3386 undis

22 3430 54 3488 ὓ
82 3422 286 3491 burtonam.
331 3421 424 3489 Divae
438 3444 526 3501 sacer
539 3435 589 3488 est
603 3421 674 3487 fons
690 3420 830 3507 inclytus
846 3421 954 3484 Annae

83 3527 204 3591 Ambos
218 3521 331 3589 miscet
343 3544 442 3606 aquas
456 3520 574 3587 callide
588 3519 765 3606 gelidaeque
780 3517 925 3583 ministra

83 3624 205 3699 Tellus3
229 3619 470 3706 sulphureisque
484 3618 620 3685 effundit
635 3618 802 3704 pharmaca
816 3616 914 3682 venis.

84 3722 161 3790 Haec
175 3719 316 3787 resoluta
328 3741 439 3786 senum
454 3718 621 3784 confirmat
635 3718 776 3782 membra
790 3726 992 3791 trementum,

84 3820 123 3891 Et
137 3820 263 3889 refovet
276 3840 390 3884 nervos
403 3815 499 3881 lotrix
514 3815 582 3881 haec
596 3814 728 3903 lympha
741 3814 871 3901 gelatos

85 3917 154 3987 lluc
168 3917 295 3984 infirma
308 3926 426 4003 regunt
439 3914 559 3980 baculis
574 3912 708 4000 vestigia
722 3912 825 3978 claudi
837 3936 845 3988 ;

84 4013 204 4108 Ingrati
218 4014 363 4082 referunt
376 4013 497 4081 baculis
511 4011 646 4099 vestigia
660 4010 782 4097 spretis

392 4201 520 4261 ¹Buxtoo
534 4199 612 4253 Well.
648 4196 745 4252 Mirab.
767 4213 801 4250 iv.

178 4308 274 4363 vot.
293 4309 333 4360 V.
992 4303 1013 4353 z
