2656 5136
175 649 244 715 138
477 663 564 717 nux
582 661 903 717 uarunmarrm.

138 366 187 425 J

0 946 4 972 ²
104 964 112 978 ·
167 967 314 1040 quoque
332 968 443 1040 quam
461 953 509 1018 24
527 945 630 1017 ainus
648 955 790 1041 quartae
807 943 924 1040 partis
940 965 1051 1017 arcus
1069 942 1158 1016 BG:
1181 954 1216 1017 et

167 1059 286 1152 major
303 1081 416 1153 quam
433 1064 482 1131 48
501 1057 603 1131 sinus
620 1056 738 1154 partis
751 1066 894 1130 octavae
907 1079 1018 1130 arcus
1036 1056 1115 1131 BG.
1165 1056 1216 1131 si-

166 1171 315 1259 militer,
334 1171 365 1244 si
381 1171 594 1246 bisecentnr
606 1182 730 1267 partes
746 1169 922 1267 aliquotae
934 1192 1046 1243 arona
1056 1168 1124 1245 BG
1134 1194 1215 1267 quo

166 1284 236 1357 ties
254 1284 334 1357 fieri
350 1296 486 1379 potest,
501 1284 557 1357 ita
568 1295 611 1357 ut
628 1284 727 1358 inter
743 1293 925 1379 puuctum
943 1282 974 1356 B
991 1293 1033 1357 et
1043 1282 1215 1357 chordam

168 1398 282 1494 ipsius
300 1396 509 1470 differentia
525 1395 629 1469 nulla
644 1395 712 1469 ait:
738 1395 850 1469 toties
875 1395 1129 1493 multiplioata
1152 1394 1215 1469 mi·

166 1511 279 1599 nima,
315 1520 462 1606 sumpta
490 1522 534 1584 ut
566 1533 643 1583 uua
670 1518 785 1595 recta,
818 1508 1085 1583 terminabitur
1110 1508 1152 1583 in
1175 1508 1214 1583 1.

168 1622 279 1698 Quod
310 1623 341 1695 si
371 1623 528 1712 dicatur,
559 1622 663 1695 nulla
690 1621 896 1696 biseetione
927 1622 1011 1695 fieri
1036 1644 1148 1719 ponae
1175 1630 1215 1695 ut

168 1735 308 1810 chorda
324 1747 362 1808 et
388 1735 503 1832 ipsius
525 1758 633 1809 arcus
656 1736 732 1809 sint
757 1735 930 1831 aeqnales,
947 1734 1018 1809 aed
1044 1736 1214 1833 maj0rem

168 1873 312 1946 semper
328 1850 408 1922 fore
424 1873 552 1923 areum
574 1872 685 1946 quam
711 1848 852 1923 chorda
868 1849 971 1945 ejus:
998 1858 1093 1923 tune
1116 1870 1214 1923 meua

168 1974 269 2038 totus
299 1972 454 2036 nonest
481 1962 643 2035 bisentus
666 1961 777 2036 toties
802 1961 949 2057 quoties
972 1961 1060 2035 fieri
1085 1972 1212 2059 puteat

169 2075 280 2151 Quod
298 2088 355 2149 est
371 2085 503 2149 contra
518 2075 759 2171 suppositum.
810 2075 878 2148 Est
901 2097 993 2171 ergo
1019 2086 1127 2149 reeta
1147 2074 1211 2165 131.

168 2213 251 2286 quae
269 2188 503 2285 componitur
518 2211 564 2262 ex
583 2187 687 2261 radio
704 2199 744 2261 et
761 2199 940 2285 tangente
958 2195 1010 2263 30
1023 2188 1210 2285 graduum,

167 2302 316 2399 aequalis
333 2301 435 2375 arcui
462 2300 677 2397 quadrantis
696 2299 783 2374 BD:
808 2313 853 2374 nt
874 2301 1057 2376 methodo
1080 2300 1209 2389 eaden,

167 2441 248 2512 cap.
267 2415 343 2487 xxii
369 2414 455 2487 libri
481 2415 543 2487 De
570 2413 780 2514 Principiis
816 2414 1053 2517 Geometrim
1073 2415 1207 2490 demon·

169 2528 300 2602 stravit
314 2527 536 2601 Hobbesius.

519 2778 770 2830 PBOPOSITIO
800 2778 866 2830 111.

259 2932 400 3005 Datum
417 2933 594 3032 anguium
613 2933 783 3006 dividere
802 2933 839 3006 in
854 2933 946 3006 dota
964 2935 1128 3009 ratione.

219 3095 274 3170 Sit
292 3096 380 3170 data
398 3097 492 3170 ratio
511 3097 568 3170 PF
585 3097 631 3170 ad
652 3095 728 3169 BP.
771 3097 806 3169 Α
824 3115 963 3194 puncto
983 3096 1014 3169 F
1033 3099 1083 3172 ad
1100 3097 1136 3171 N
1152 3095 1205 3169 du·

167 3223 274 3284 eatur
289 3224 393 3284 recta
411 3211 488 3300 FN,
507 3234 635 3284 secans
652 3233 782 3283 arcum
801 3212 865 3285 BG
882 3211 920 3283 iu
937 3235 958 3283 a
977 3223 1016 3283 et
1034 3211 1105 3284 AT
1122 3211 1159 3283 in
1179 3231 1204 3280 r.

167 3324 333 3397 Ducatur
350 3325 440 3398 item
458 3322 540 3411 ΡΝ,
558 3346 686 3396 secans
706 3346 834 3396 arcum
852 3323 1013 3397 eundem
1038 3323 1104 3397 BG
1125 3324 1161 3395 in
1170 3317 1205 3417 s,

167 3448 363 3511 attentam
380 3438 446 3511 AT
469 3436 509 3509 iu
532 3438 563 3508 ἔ.
616 3437 727 3531 Erga
756 3460 823 3532 per
850 3437 1021 3533 primam,
1042 3434 1204 3532 arcusse

167 3560 223 3627 est
239 3550 286 3623 ad
304 3574 430 3623 areum
449 3549 558 3647 Bfut
576 3547 639 3621 FB
658 3548 705 3622 ad
725 3549 795 3622 BP.
838 3549 913 3623 Sed
929 3564 974 3623 ut
991 3550 1155 3648 aretusa
1168 3545 1208 3620 ad

166 3687 293 3735 arcum
312 3663 373 3759 Bs,
392 3662 445 3736 ita
461 3674 517 3736 est
535 3661 691 3757 angulus
715 3662 808 3734 PAF
833 3662 881 3736 ad
906 3663 1088 3760 angulum
1112 3660 1205 3736 BAP.

167 3775 292 3848 Quare
322 3789 365 3848 ut
393 3776 550 3871 angulus
580 3774 665 3868 oAs
684 3774 732 3847 ad
759 3776 935 3871 angulum
948 3776 1056 3873 faB,
1084 3778 1137 3850 ita
1161 3782 1208 3848 est

166 3900 269 3960 recta
295 3889 353 3962 ΡΙΙῚ
376 3888 424 3961 ad
455 3889 526 3962 BP.
581 3888 729 3961 Divisus
751 3911 840 3982 ergo
858 3901 914 3963 est
932 3891 1094 3988 angulus
1112 3892 1207 3965 datus

168 4001 255 4072 BAo
268 4002 307 4074 in
320 4002 476 4097 angulos
494 4002 698 4098 duosmAf,
712 4002 824 4099 fAB,
843 4004 881 4076 in
900 4004 989 4077 data
1007 4000 1208 4079 rationeFP

166 4116 215 4189 ad
233 4116 305 4189 BP.
359 4118 471 4191 Quod
489 4130 572 4190 erat
588 4116 809 4191 faciendum.

215 4230 433 4304 Notandum
451 4243 575 4304 autem
591 4244 657 4319 est,
677 4229 825 4326 quando
843 4230 1001 4326 angulus
1020 4230 1129 4304 datus
1144 4248 1208 4300 ma·

159 4344 221 4439 jor
246 4356 304 4417 est
321 4368 433 4440 quam
461 4343 572 4418 tertia
599 4368 685 4440 pars
713 4343 818 4429 recti,
837 4342 1019 4416 sumenda
1048 4355 1107 4417 est
1135 4362 1209 4438 pars

163 4460 242 4554 ejus
268 4456 434 4553 aliquota
461 4481 545 4554 qnae
573 4458 695 4528 minor
722 4456 770 4529 sit
798 4478 907 4551 quam
940 4454 1018 4545 BG,
1038 4467 1077 4528 et
1101 4453 1209 4551 dupli·

164 4572 286 4646 canda
302 4573 360 4646 vel
378 4569 658 4667 multiplicanda
670 4593 737 4666 per
753 4569 914 4665 partium
932 4592 1139 4643 numerum.
