2656 5136
129 634 203 703 388
553 650 751 703 arsacius

174 814 214 878 ln
229 824 300 880 toto
315 812 433 881 christi
448 814 591 900 postulat-
604 838 673 882 esse
686 838 793 903 grege

129 914 243 998 thue
257 925 375 979 vocant
387 912 519 1000 trepidat
532 915 648 979 summi
662 916 687 979 J
688 915 757 981 ovis
770 937 864 981 arma
879 915 1045 983 tonantis

172 1012 306 1090 Gentes,
321 1034 470 1079 censuras
483 1012 801 1081 sicvocatillcauas.
1120 1016 1200 1080 146⁰

129 1111 202 1178 Nec
216 1111 391 1197 majestatis
404 1120 576 1179 contentus
589 1112 727 1190 nomine,
741 1134 862 1179 nomen

173 1210 322 1277 Sanctius
336 1209 487 1305 assumit,⁸
495 1209 754 1296 conveniensque
768 1210 852 1277 Deo.

130 1310 196 1375 Soc.
208 1310 294 1392 Quin
308 1309 370 1375 siet
383 1308 530 1396 impietas
543 1332 604 1377 nec
616 1332 715 1398 parva
728 1310 807 1387 haec,
823 1310 905 1377 nolo
926 1334 1074 1400 negare.

174 1408 335 1476 Censuras
348 1420 436 1475 recta
448 1406 586 1475 fulmina
598 1407 683 1476 forte
698 1420 800 1475 vocat.

131 1507 219 1573 Nam
233 1508 317 1573 sicut
330 1507 463 1586 firlmen,
478 1508 506 1574 si
521 1509 650 1594 quando
663 1532 698 1576 se
712 1510 888 1577 insinuarit

176 1606 216 1671 In
229 1606 450 1673 commissuras
464 1608 594 1694 pariatis
611 1608 686 1696 igne
700 1632 768 1687 suo,

131 1706 298 1791 Disjungit
312 1707 442 1794 lapides,
458 1707 485 1773 si
500 1730 565 1773 non
580 1718 615 1774 ct
628 1708 756 1795 disjicit,
771 1716 805 1775 et
818 1708 866 1773 sic

175 1804 273 1888 Quod
286 1805 393 1872 suerat
406 1807 534 1873 firmum
549 1807 654 1874 debila
668 1808 774 1875 reddit
786 1829 889 1894 opus:

133 1903 188 1972 Sic
202 1927 332 1989 quoque
345 1905 495 1972 dissociat
508 1906 594 1973 cives
607 1928 742 1973 censura
754 1905 902 1973 timenda

174 2004 316 2089 Illisqui
330 2004 429 2072 stulta
444 2004 618 2072 Phasmata
631 2028 714 2071 vana
728 2006 851 2072 timent
1121 2019 1199 2081 1470

131 2105 192 2169 Pr.
217 2104 274 2169 Ad
288 2126 391 2191 genus
405 2127 500 2172 omna
513 2105 591 2171 boni
604 2105 758 2171 mundani
771 2107 906 2173 carbasa
919 2112 1104 2196 praebant:

178 2204 229 2268 Ad
244 2203 337 2281 visas,
351 2204 432 2271 velis
446 2204 604 2282 omnibus,
619 2204 687 2271 itur
700 2227 785 2291 opes.

132 2300 184 2367 Ut
197 2302 327 2388 capiant
340 2304 486 2390 populos,
500 2315 619 2392 cogant
632 2315 667 2370 ct
679 2302 837 2371 ovescere¹
852 2326 966 2391 reges,

176 2399 316 2486 Quoque
330 2403 424 2469 modo
439 2402 562 2489 possint
575 2413 668 2488 parta
681 2414 791 2469 tenere
805 2402 963 2471 studentz

133 2497 235 2581 Qucis
250 2523 330 2585 opus
345 2509 394 2566 est
409 2500 510 2567 multo
525 2512 750 2587 stratagemate
766 2501 985 2588 perficiendis,

176 2598 335 2684 Nequitia
348 2601 451 2677 docta,
467 2600 717 2686 philosophaque
733 2602 821 2667 Fide.

135 2695 249 2764 Sucvit
264 2697 349 2762 utin
365 2699 502 2785 templis,
518 2699 645 2776 audisti,
662 2700 807 2766 Ecclesia
821 2699 963 2769 Patrum

177 2796 288 2862 Prima
302 2798 487 2863 satellitium
502 2822 747 2866 commemorare
762 2823 862 2865 suum.

134 2894 233 2963 Nunc
247 2908 355 2963 autern
371 2898 468 2984 Papia
483 2898 730 2975 dominantibus,
745 2900 980 2968 adnumeratur

176 2995 270 3062 Divis
282 2998 429 3083 quisquis
444 2997 489 3062 eis
504 2997 626 3083 profuit
640 3008 708 3062 arte
724 3022 791 3064 sua.
1118 3018 1198 3077 1480

133 3094 276 3162 Reddita
290 3097 335 3163 sic
349 3121 459 3163 rursus
474 3097 591 3183 populo
606 3108 655 3162 est
671 3096 864 3173 Idololatria,

177 3196 348 3282 Nemoque
363 3221 428 3263 non
440 3197 549 3262 divum
564 3197 660 3283 coepit
674 3196 790 3263 habere
806 3196 875 3262 sibi.

133 3297 198 3361 Sec.
222 3297 361 3362 Romani
377 3297 474 3362 moris
488 3296 553 3362 fuit
567 3295 635 3361 haec
650 3296 786 3362 imitatio
800 3296 906 3382 prisci,

178 3396 229 3462 Ut
244 3396 301 3481 qui
318 3394 500 3463 Casaribus
514 3418 572 3480 par
586 3395 727 3460 tribuere
741 3396 848 3461 decus.

135 3496 199 3561 Sed
215 3506 359 3561 nontam
375 3506 494 3560 temere
510 3504 617 3558 tantos
627 3494 774 3559 concedit
787 3494 922 3560 honores

179 3594 277 3681 Papa,
294 3594 350 3660 sed
365 3606 403 3659 ut
417 3593 500 3659 vitas
515 3593 606 3680 signa
621 3595 753 3679 probare
768 3593 874 3658 videt:

135 3693 208 3759 Nec
222 3694 338 3768 subite,
355 3694 409 3759 sed
424 3715 497 3758 eum
513 3693 581 3757 vita
594 3693 764 3759 decesserit
778 3694 869 3758 annis

179 3791 363 3870 Permultis‚
379 3815 573 3878 quemquam
587 3793 784 3858 sanctificare
799 3793 888 3858 solet

135 3894 195 3957 Pr.
219 3891 255 3957 N
256 3915 292 3958 ec
308 3893 432 3957 mirum.
458 3892 605 3957 Praesens
620 3892 784 3957 mendacia
798 3893 921 3978 respuit
933 3907 1030 3977 aetas,

180 3992 237 4058 Ad
253 4015 326 4076 quae
342 3991 509 4077 posteritas
524 4014 594 4056 sera
608 4003 717 4056 coacta
730 4001 826 4056 tacet.
1112 4009 1194 4073 1490

136 4092 160 4156 J
162 4114 212 4156 am
227 4090 292 4156 suit
305 4101 434 4155 aeternae
449 4089 584 4154 nimium
595 4089 647 4154 via
661 4090 826 4155 commoda
836 4089 921 4155 vitae.

180 4191 307 4257 Durum
323 4199 392 4255 erat
406 4189 439 4254 in
455 4198 525 4254 tota
539 4188 705 4275 relligione
719 4189 808 4254 nihil

136 4291 302 4357 Extemus
316 4289 406 4355 labor
419 4287 523 4354 omnis
537 4298 615 4364 erat
632 4310 691 4352 nec
705 4300 774 4353 erat
787 4288 903 4374 gravis.
928 4289 1030 4362 Intus

181 4390 347 4457 Nescitum
361 4398 412 4453 ast
425 4388 517 4472 cujus
533 4385 707 4473 relligionis
722 4397 821 4452 erant

376 4574 378 4577 ’
495 4586 503 4623 ¹
525 4585 604 4657 [Vide
617 4586 820 4655 Glossarium]
