2656 5136
400 641 453 693 nn
481 641 761 698 uraanmrnus
791 645 924 700 ancc1.
1108 634 1180 716 327

139 802 330 871 Candidiore
344 806 410 872 frui
424 807 530 873 Musae
545 819 717 875 censentur
730 811 841 878 amico.

139 902 226 968 Hinc
241 903 281 969 ad
295 914 389 983 tecta,
405 907 471 972 solo
487 917 648 995 surgente,
664 910 860 976 ascenditur:
877 921 979 991 extra,

137 1002 291 1089 Augusta
304 1017 444 1091 aspectu,
460 1007 617 1085 sublimia,
632 1008 722 1097 regia
734 1034 743 1084 3
769 1019 803 1074 et
817 1009 903 1079 intra

137 1100 320 1180 Commoda,
336 1105 432 1182 culta,
447 1107 584 1192 capacia,
599 1107 775 1194 splendida,
791 1109 871 1176 ditia
885 1118 979 1179 tecta

71 1202 112 1260 60
136 1202 188 1266 At
202 1213 238 1267 tn
254 1205 435 1270 marmoreis
450 1229 524 1291 quse
539 1207 604 1273 sint
619 1206 778 1294 descripta
791 1208 905 1295 figuris

135 1301 228 1367 Ficta
243 1314 418 1389 poetarum,
433 1306 608 1392 priscorum
623 1316 680 1372 aut
695 1308 780 1374 facta
794 1307 945 1388 virorum,

134 1400 170 1464 N
171 1425 188 1467 e
204 1425 304 1481 cures,
320 1404 400 1469 duro
415 1427 473 1470 nec
488 1415 613 1471 certans
627 1428 783 1472 marmore
797 1429 949 1495 gypsum.

134 1499 297 1586 Ingenuos
311 1524 370 1567 nec
384 1513 421 1567 tu
436 1503 545 1588 cupias
559 1526 727 1570 numerare
741 1505 922 1584 ministros3

136 1600 200 1666 Sed
214 1602 388 1678 dominum,
404 1625 474 1666 mea
488 1601 595 1679 Musa,
610 1603 705 1680 colas,
720 1603 773 1668 cui
787 1616 885 1693 gente
899 1615 1028 1672 vetusta

135 1699 217 1765 Orto
233 1701 289 1764 dat
303 1700 415 1766 titulos
429 1700 587 1778 Devonia,
604 1701 725 1768 Derbia
739 1703 861 1769 curas¹z

136 1799 257 1864 Acrem
267 1800 399 1885 judicio,
415 1809 613 1865 constantem
628 1812 766 1887 pectore,
781 1801 919 1880 lautum,

136 1900 357 1984 Utentemque
372 1899 486 1984 opibus
499 1899 581 1964 luxu
595 1900 684 1977 sine3
706 1911 741 1967 et
756 1901 841 1968 inter
854 1901 972 1968 amicos

135 1998 196 2063 Illc
211 1998 298 2065 chori
313 1998 411 2064 vestri
426 1998 542 2075 decns3
565 1998 620 2065 illc
640 1999 780 2087 benigna

136 2098 214 2164 Otia
227 2097 283 2162 (lat
297 2097 424 2173 Musis;
448 2097 504 2162 sed
518 2109 553 2163 et
566 2096 614 2163 illi
629 2097 727 2162 Musa
740 2097 859 2164 diserto

69 2195 110 2257 70
136 2196 201 2262 Orc
215 2197 315 2281 loqui,
331 2206 428 2282 atque
443 2196 548 2262 animo
563 2218 726 2263 secernere
741 2198 849 2284 turpia
862 2197 1014 2265 honestis.

135 2296 221 2360 Tum
237 2296 422 2362 Dominam²
437 2308 569 2381 spectes,
585 2296 651 2361 alta
665 2296 816 2384 degente
830 2296 1009 2364 Brusorum

134 2395 343 2482 Magnanimo
358 2418 492 2482 proavos
506 2394 680 2482 spirantem
694 2407 823 2484 pectore
842 2419 943 2482 reges.

133 2497 376 2581 Amborumque
391 2495 463 2562 vide
478 2495 629 2573 sobolem,
641 2495 860 2582 imprimisque
874 2495 1028 2582 puellam³

132 2594 274 2681 Dignam
289 2619 354 2680 qua
368 2595 492 2660 caleam
506 2596 623 2683 superi,
638 2595 795 2681 binosque
806 2595 942 2682 puelloe⁴

134 2694 318 2779 Angelicos,
334 2694 413 2760 casti
427 2695 608 2760 communia
623 2693 756 2782 pignora
771 2695 856 2761 lecti.

135 2794 205 2858 Hos
221 2803 257 2858 tu
272 2794 404 2871 mireris,
420 2793 625 2879 sobolemque
640 2804 674 2860 et
688 2804 864 2879 utrumque
878 2802 1062 2880 parentem3

135 2891 261 2956 Caetera
275 2915 348 2977 quae
363 2892 481 2958 reseres
494 2893 656 2970 miracula,
671 2904 767 2958 sunto
782 2892 922 2958 minoris.

135 2989 206 3053 Alti
221 3000 391 3055 censentur
405 2999 526 3075 septem
541 2991 693 3057 miracula
709 2991 822 3057 Pecci:

136 3087 248 3166 AEdes,
267 3089 373 3164 Mons,
389 3088 593 3165 Barathrum‚
608 3088 703 3154 binus
718 3087 817 3166 Fons,
834 3088 1004 3172 Antraque
1019 3086 1103 3154 bina.

67 3195 110 3252 80
138 3187 267 3254 Scilicet
281 3187 344 3252 illae
359 3188 447 3273 ipsa,
463 3188 621 3272 quaejam
635 3186 891 3265 memoravimus,
907 3185 991 3252 aedes

136 3287 266 3352 Ornatae
282 3296 332 3352 tot
346 3298 422 3352 sunt
436 3287 520 3352 inter
534 3287 687 3352 miracula
700 3287 820 3373 primae.

136 3386 227 3450 Intra
242 3385 298 3450 has
312 3384 352 3450 de
367 3385 499 3470 reliquis
513 3395 584 3451 orto
600 3408 744 3452 sermone
759 3384 951 3470 quibusdam

135 3485 195 3549 Est
210 3486 324 3562 visum,
341 3484 496 3570 promptis
510 3507 617 3550 rerum
631 3484 809 3570 perdiscere
824 3505 944 3561 causas,

133 3586 180 3649 Et
194 3585 272 3649 mihi
286 3584 441 3670 (namque
455 3607 559 3671 operae
574 3583 713 3670 pretium
728 3587 792 3668 est)
809 3605 848 3648 ea
860 3581 964 3648 visere
977 3579 1068 3646 mira.

134 3684 227 3748 Anni
242 3696 368 3770 tempus
383 3696 453 3750 erat
467 3706 531 3768 quo
546 3684 642 3749 tellus
657 3683 779 3748 soenora
792 3681 890 3748 solvit
902 3707 912 3757 ;

134 3785 180 3848 Et
195 3785 325 3850 vitrium
339 3785 433 3849 sectis
448 3784 624 3851 abstulerat
637 3783 722 3848 altus
737 3781 843 3847 aristis

134 3884 157 3946 J
160 3908 211 3947 am
225 3883 366 3949 Phoebus
379 3907 484 3950 rorem
498 3906 572 3949 cum
586 3894 673 3950 tecto
688 3881 881 3958 excedimus,
898 3876 970 3965 ipsi,

136 3983 278 4067 Duxque
293 3984 364 4059 viae,
379 4006 552 4068 servusque
567 3982 638 4069 (scd
653 3982 707 4047 ille
722 3980 873 4054 vicarius)
890 4001 985 4043 unus.

136 4082 265 4167 Egressi
279 4083 453 4148 auferimur
467 4084 576 4169 portis,
592 4083 794 4169 petimusque
808 4079 1021 4166 propinquam

69 4192 110 4250 90
137 4182 268 4267 l'ilsley,
283 4182 358 4246 dein
373 4183 509 4268 Hassop‚
525 4183 682 4247 salebroso
696 4180 833 4245 tramite.
881 4177 1029 4242 Montem

171 4410 179 4444 ¹
195 4408 379 4462 praefecturam
390 4409 417 4461 in
427 4427 491 4478 agro
501 4410 638 4463 Derbcnsi.
711 4407 720 4434 ¹
733 4408 876 4461 Dominam
886 4407 990 4457 Annam
1004 4397 1160 4453 Cavendish.

171 4482 367 4545 ²Christianam
392 4493 558 4546 comitissam
583 4493 634 4546 Dc·
704 4489 902 4551 ‘Gulielmum
937 4502 1009 4538 nuuc
1048 4481 1179 4535 Comitem

137 4575 226 4627 voniae.
675 4573 808 4635 Derorrie,
824 4587 885 4623 cum
898 4567 977 4622 fratre
988 4562 1090 4619 Carolo.
