2656 5136
76 645 151 710 352
498 660 698 713 mercius

76 824 140 887 Ars
152 845 216 888 uon
231 845 346 910 magna
360 822 435 901 fuit,
445 823 514 909 jam
528 823 638 890 fraenis
652 848 706 890 ore
720 827 867 912 receptis,

118 923 246 988 Ducere
261 922 454 1008 perdomitos
468 946 532 1008 qua
546 923 674 990 voluere
690 923 751 989 via.
1063 929 1129 990 100

77 1019 262 1087 Sufficiebat
276 1021 361 1087 enim
375 1021 555 1107 conjunctis
568 1022 689 1088 smdere
703 1023 850 1110 agyrrir,

118 1120 200 1185 (ium
216 1120 275 1185 sibi
290 1120 332 1186 sit
346 1120 456 1206 populi
470 1120 666 1186 concilianda
680 1121 767 1198 fides,

75 1219 174 1284 Alter
187 1231 225 1284 ιιι
239 1220 369 1285 alterius
384 1220 537 1285 virtutem
552 1221 779 1307 magnificaret,

118 1317 159 1382 In
175 1319 377 1404 speciemque
391 1318 469 1384 artis
485 1319 581 1385 verba
595 1318 700 1385 locare
715 1342 806 1384 nove.

75 1417 164 1482 Hinc
179 1417 307 1504 Magus,
324 1416 529 1504 Astrologus,
545 1416 696 1493 Divinus,
713 1416 964 1504 Sortilegusque,

118 1514 270 1582 Creditur
284 1515 420 1581 indoctis
434 1539 502 1582 esse
518 1515 681 1603 Propheta
694 1516 778 1582 Dei:

73 1614 208 1681 Talibus
223 1626 257 1680 et
270 1615 406 1700 cupiunt
419 1614 511 1703 regni
525 1615 723 1681 committere
732 1617 817 1702 jura,

117 1715 191 1779 Aut
205 1726 414 1800 praeceptores
428 1715 513 1801 regis
527 1715 644 1781 habere
658 1715 717 1780 sui.

73 1813 137 1878 Sec.
164 1813 252 1879 Scire
267 1813 363 1878 velim
378 1813 502 1878 fontem
517 1812 678 1879 sceleratae
694 1812 751 1899 qui
766 1813 931 1891 luitardo,

116 1911 288 1997 Primaque
303 1933 376 1996 quae
391 1922 489 1977 tantae
504 1911 625 1977 fraudo
639 1913 728 1999 origo
743 1913 816 1978 suit.
1059 1919 1126 1980 110

71 2011 131 2075 Pr.
156 2010 243 2077 Orbe
258 2010 322 2076 fuit
336 2020 405 2077 toto
420 2011 580 2096 quondam
594 2011 749 2098 sapientia
763 2012 857 2078 vultu

116 2109 202 2187 Uno,
213 2112 268 2194 jus
282 2110 394 2196 patriae
409 2110 489 2176 scire
504 2119 538 2176 et
551 2133 656 2176 amere
671 2132 756 2187 suae3

73 2207 179 2291 Quam
194 2209 303 2275 docuit
319 2208 453 2288 Natura,
467 2208 599 2296 peritior
613 2219 681 2274 arte
696 2209 857 2296 magistra,

115 2308 290 2376 Commoda
305 2331 377 2393 quae
387 2308 485 2394 jussit
499 2330 642 2393 quaerere
657 2331 817 2394 quemque
832 2332 897 2374 sua-

70 2407 158 2495 Ergo
173 2431 239 2473 suae
255 2431 350 2474 causa
363 2408 582 2494 conspiravere
597 2407 707 2473 salutis

114 2507 236 2593 Exigui
251 2507 345 2572 multi
361 2525 499 2572 uacuus
513 2517 551 2571 ut
566 2518 649 2572 esset
664 2525 778 2570 uouo:

71 2607 332 2691 (iunctorumque
347 2606 459 2692 opibus
474 2629 673 2671 communem
689 2617 726 2671 ut
741 2607 873 2692 pelleret
887 2607 1023 2682 hostem,

117 2706 266 2774 Servaret
280 2729 400 2792 paoem,
410 2706 634 2791 justitiamque
650 2706 744 2771 domi.

70 2805 216 2892 Regibus
230 2805 304 2870 hinc
319 2805 412 2882 vires,
427 2805 545 2890 populo
560 2814 634 2869 sunt
650 2805 716 2870 otia
731 2816 824 2870 nata:

115 2904 254 2970 Artibus
268 2904 416 2990 ingenuis
430 2904 532 2969 otium
547 2904 636 2990 origo
651 2903 723 2968 fuit
1053 2909 1121 2970 120

70 3001 165 3068 Tunc
179 3015 264 3068 astra
278 3015 311 3069 et
324 3004 438 3068 coelum
453 3002 650 3079 mirantibus,
666 3013 736 3067 orta
749 3002 846 3066 libido
862 3012 911 3066 est

114 3101 264 3184 Quaerere
279 3103 357 3188 quid
372 3103 580 3187 faciuntque
595 3114 829 3188 properantque
844 3101 923 3166 loci:

71 3200 145 3284 Qua
159 3202 249 3268 nobis
264 3201 341 3267 facit
355 3213 422 3267 arte
436 3201 520 3267 diem
537 3201 603 3278 Sol,
619 3202 777 3285 Lunaque
793 3223 942 3275 mensem,

112 3303 247 3367 Annum
263 3302 439 3388 complures
452 3301 676 3385 aedificantque
690 3300 765 3364 dies.

68 3401 104 3466 N
106 3425 141 3468 ec
154 3402 241 3488 leges
256 3413 381 3466 tantum
397 3401 560 3466 stellarum
575 3423 734 3485 quaerere:
760 3399 881 3463 frontes

112 3500 300 3586 Inspiciuut,
316 3510 424 3564 utrum
439 3522 588 3584 prospera
601 3521 700 3563 necne
715 3498 828 3562 ferant

66 3599 172 3664 Dama
187 3599 337 3664 viatorem
352 3599 396 3664 sic
411 3609 534 3684 spectat
549 3608 803 3684 praetereuutem‚

110 3698 278 3764 Fortuitus
293 3698 442 3782 quoniam
457 3699 559 3763 nescit
573 3722 613 3762 an
628 3697 727 3763 hostis
742 3707 802 3761 eat.

66 3797 154 3862 Hinc
169 3798 271 3882 primo
286 3797 376 3862 nobis
391 3820 441 3861 ars
455 3797 543 3861 utilis
557 3808 809 3862 astronomorum

109 3895 235 3982 Ingenii
250 3896 322 3982 puri
336 3894 401 3959 filia
416 3906 491 3959 nata
505 3895 578 3960 suit.

66 3995 146 4060 Haec
160 4018 233 4061 cum
248 3994 424 4078 deliquium
437 4005 525 4059 certa
540 3993 726 4079 praediceret
740 3993 817 4059 hora

107 4094 221 4159 Phoebi
237 4094 288 4158 vel
304 4094 448 4170 Phoebes,
464 4117 514 4158 res
529 4093 712 4178 faceretque
727 4093 834 4158 fidem:

66 4192 102 4260 Si
117 4216 181 4278 quo
197 4194 346 4278 quodque
361 4193 430 4258 loco
445 4193 517 4259 coeli
532 4216 565 4258 se
580 4194 760 4259 ostenderet
774 4205 905 4270 astrum,

98 4398 105 4428 ¹
125 4397 420 4468 [dybpraqsimpliciten
428 4397 474 4466 qni
481 4416 560 4468 popu-
597 4397 708 4449 titudine
719 4396 859 4467 plemnaeo
869 4397 956 4467 aliqua
974 4407 1112 4463 coronent,

64 4481 118 4534 lum
136 4489 301 4550 conpreqorrt:
315 4481 386 4543 item,
397 4478 558 4532 circulatores
594 4497 671 4550 eaque
679 4481 845 4550 predicantes
856 4480 1003 4533 elirandons.
1042 4481 1111 4535 Vide

63 4563 271 4634 circumforatam,
282 4565 327 4634 qni
338 4574 484 4634 ronyrepnta
496 4562 560 4617 ›rial—
597 4561 800 4629 Gucsssuruu]
