2656 5136
463 1356 823 1440 PRAEFATIO.

449 1830 616 1874 LECTORI
645 1829 837 1874 SALUTEM.

117 1971 169 2033 En
197 1968 264 2045 tibi,
291 1968 391 2034 lector
414 1970 577 2047 benevole,
603 1968 796 2035 Hrsroruan
821 1969 1124 2046 Eccnasms'r1cau3
1148 1992 1212 2036 non

73 2113 91 2152 a
112 2087 275 2164 monacho,
299 2111 362 2153 non
378 2112 397 2152 a
411 2088 542 2165 clerico3
566 2088 619 2154 sed
635 2089 777 2166 alibero,
792 2114 812 2154 a
825 2088 1012 2176 philosopho
1033 2088 1169 2167 homine,
1192 2113 1212 2156 a

73 2208 198 2273 Thoma
220 2208 349 2273 Hobbio
372 2207 648 2273 Malmesburiensi
669 2208 851 2274 conflatam:
881 2209 937 2294 qui
959 2231 1063 2293 neque
1086 2208 1211 2289 scholae,

70 2349 174 2410 neque
190 2336 293 2403 seete,
309 2349 413 2411 neque
427 2326 581 2413 partibus,
593 2350 698 2412 neque
712 2327 872 2416 magistris
882 2328 1004 2414 juravit
1017 2327 1140 2414 uspiam
1152 2352 1161 2405 ;
1178 2337 1212 2394 et

70 2445 122 2509 cui
140 2455 211 2511 tuto
232 2445 341 2511 credas
362 2445 543 2512 decurrenti
562 2446 649 2512 huno
670 2468 827 2532 campum,
843 2446 899 2514 ubi
912 2446 960 2512 illi
975 2469 1080 2532 neque
1094 2446 1211 2513 seritur

70 2587 173 2648 neque
185 2564 316 2629 metitur
330 2565 439 2630 hilum.

112 2683 147 2746 N
149 2707 190 2748 on
215 2683 282 2749 haeo
302 2684 431 2769 juvenis
456 2684 547 2750 lusit:
580 2685 634 2751 red
658 2687 739 2751 bene
765 2705 874 2761 senex,
900 2705 957 2770 per
982 2692 1083 2750 totum
1109 2684 1209 2751 vitam

69 2802 215 2887 cogitata,
234 2803 301 2888 jam
323 2803 451 2869 tandem
473 2804 617 2870 versibus
637 2803 736 2890 ligata
757 2802 878 2868 maluit
932 2802 1049 2870 Phoebi
1070 2805 1207 2883 oracula,

68 2920 177 3003 primae
192 2920 278 3006 leges
293 2921 452 2986 versibus:
476 2944 598 2987 necnon
614 2922 734 3009 primus
749 2922 890 3009 sapiendi
909 2923 1069 3010 magister,
1084 2923 1209 3011 Pytha-

67 3062 169 3124 goraa,
185 3039 231 3103 nil
245 3039 305 3104 nisi
321 3040 459 3106 carmine
474 3041 629 3107 sancitum
645 3041 755 3107 voluit

110 3157 278 3223 Limatiori
308 3181 402 3223 versu
430 3160 597 3224 Fastorum
625 3159 723 3225 libros
749 3157 894 3237 Ovidius,
919 3169 952 3227 et
981 3159 1035 3225 alii
1060 3160 1207 3229 historias

66 3301 181 3363 pompa
210 3277 347 3362 quadam
376 3287 410 3343 et
438 3277 563 3344 heroico
592 3278 671 3343 llatu
699 3288 859 3346 tumentes
887 3278 1111 3365 procuderant.
1157 3284 1207 3347 At

66 3402 144 3485 quin
160 3402 262 3479 liceat,
280 3401 417 3467 Horatio
432 3402 522 3479 duce,
537 3400 709 3486 aliquando
723 3400 797 3466 dare
812 3402 944 3466 sermoni
961 3403 1148 3489 propriore:
1173 3411 1207 3468 et

66 3523 175 3588 iisdem
192 3524 314 3600 avibus,
330 3523 478 3587 ridentem
493 3522 593 3587 dicore
606 3525 735 3586 verrem!

107 3641 225 3705 Visum
247 3651 296 3706 est
318 3664 367 3706 res
391 3638 512 3706 Christi
534 3649 567 3706 et
592 3662 665 3724 quae
691 3638 869 3706 Piscatores
894 3640 1028 3706 docuere
1053 3639 1205 3707 tractanti

64 3761 215 3825 humilem
227 3760 346 3846 stylum
361 3759 462 3846 magis
477 3759 624 3824 idoneum
639 3781 716 3836 esse,
728 3769 761 3825 et
775 3759 967 3846 popularem.
1013 3759 1059 3824 Et
1073 3759 1203 3846 proinde

64 3881 150 3944 nuda
173 3881 384 3966 indigensque
408 3879 609 3965 simplicitate
633 3879 739 3946 omnia
761 3879 876 3957 fluunt,
898 3880 943 3945 sic
964 3891 1001 3945 ut
1027 3880 1115 3947 nulla
1139 3904 1203 3947 vox

65 4021 136 4080 quae
152 4021 215 4061 non
229 3998 386 4062 memorie
401 4021 538 4084 presens
559 3998 761 4085 paratiorque
777 3998 828 4077 sit,
845 3999 878 4064 in
894 4021 1020 4064 versum
1035 3999 1140 4064 venit:
1164 4010 1204 4065 ut

63 4119 107 4203 pii
137 4117 285 4202 doctique
311 4116 381 4194 viri,
410 4117 491 4183 alter
516 4119 724 4184 Eoctiridioo
746 4119 852 4196 Fidei,
879 4118 959 4184 alter
981 4120 1202 4204 Mnemosynen

63 4236 228 4312 Biblioum,
244 4235 325 4300 ulter
339 4236 521 4302 Memoriales
534 4237 700 4314 Biblicom,
716 4248 750 4302 ct
770 4237 803 4301 id
824 4261 924 4324 genus
946 4238 1114 4303 carminice
1128 4261 1202 4324 pro·

62 4356 127 4418 lata
152 4353 401 4430 concinnarunt3
431 4378 495 4419 non
517 4355 579 4420 alio
607 4356 679 4434 fine,
703 4380 797 4442 quam
825 4367 863 4421 ut
888 4357 1044 4421 memorias
1069 4356 1200 4422 inservi-

61 4487 158 4541 retur.
189 4473 310 4540 Noster
324 4473 451 4558 quidem
466 4474 548 4541 mole
558 4498 663 4542 rerum
679 4487 815 4543 mentem
832 4488 1012 4563 occupatus,
1025 4488 1059 4544 et
1068 4477 1200 4545 materia
