2692 4792
164 286 209 363 74
328 302 550 354 oocrnmm
571 299 844 353 wnnnrsmnm
865 298 918 348 nn
939 295 1058 348 nonu

3 497 61 536 01².
77 497 119 536 x1.
164 469 343 560 Cartesio,
358 481 397 543 et
410 467 599 545 Gassendo
618 478 805 563 sumptum
823 476 957 538 esseut
973 464 1209 561 postulatum,

162 608 232 657 nec
248 583 458 656 meminisse
469 581 654 655 sevidisse
668 605 691 653 a
704 603 887 676 quoquam
901 577 1211 651 demonstratum:

163 721 321 794 quorum
339 707 538 791 utrumque
562 695 702 767 sciebat
727 717 807 766 esse
835 692 980 765 falsum.
1035 689 1137 763 Nam
1155 690 1213 763 de-

162 809 469 883 monstrationem
503 830 624 880 meam
657 807 809 902 legerat,
836 818 879 878 ut
909 803 1146 887 confiutaret3
1172 803 1213 876 ab

163 922 234 997 illis
268 934 393 996 autem
426 921 653 1018 postulatum
687 920 800 992 fuisse
834 941 1025 1015 nunquam
1060 917 1212 1013 legerat.

164 1035 238 1109 Sed
255 1037 346 1110 meis
369 1037 426 1109 uti
449 1035 582 1132 quibus
607 1032 894 1120 contradixerat,
912 1044 1021 1126 turpe
1044 1031 1219 1131 sibipase.

164 1149 281 1224 scivit.

515 1320 765 1374 Pnonosmo
780 1320 858 1373 x11.

223 1449 288 1524 Vis
316 1448 354 1522 υἱ
381 1450 584 1536 contraria,
614 1449 649 1521 ai
679 1447 901 1548 ‹equipollet
930 1449 1217 1525 amtinebit:ri

165 1564 283 1638 minua
294 1560 499 1665 pellenae
516 1562 585 1635 hoc
611 1562 783 1658 quidem:
809 1562 845 1634 ai
865 1561 1088 1660 prepollet,
1106 1589 1218 1662 neque

165 1675 275 1750 aliud
304 1675 408 1748 admit
436 1675 744 1774 impedimentum,
763 1674 929 1750 movebit.
981 1676 1038 1749 Et
1062 1687 1218 1752 contra:

165 1790 201 1862 ei
218 1797 345 1876 movet,
366 1786 597 1886 prepollet:
623 1788 659 1860 ai
675 1812 746 1860 non
772 1799 901 1876 nmoet,
919 1798 995 1863 tum
1014 1788 1077 1863 vel
1100 1791 1218 1864 mmm

160 1901 293 2002 pollet,
311 1901 372 1975 vel
380 1900 513 1974 saltem
524 1901 748 1999 eeqru'pollet,
762 1900 821 1974 oel
829 1901 1039 1999 aliudqm'd
1049 1902 1217 2001 impedit.

218 2016 329 2088 Hanc
346 2014 468 2087 sciunt
484 2014 594 2086 etiam
615 2015 720 2110 pueri
738 2013 932 2101 decennes,
951 2040 1064 2112 quam
1092 2029 1217 2090 tamen

168 2126 229 2200 ille
255 2151 330 2200 non
349 2126 626 2199 demonstravit.
679 2127 775 2200 Nam
807 2126 958 2201 deducit
982 2152 1065 2202 eam
1091 2131 1140 2203 ab
1158 2129 1218 2203 viii

170 2253 209 2313 et
220 2239 269 2313 vii
286 2238 593 2337 praecedentibuS,
605 2265 760 2336 quarum
778 2241 879 2315 illam
892 2242 1059 2317 absolute
1075 2242 1217 2335 falsam,

168 2354 266 2427 hanc
283 2378 359 2427 non
378 2377 456 2426 esse
473 2354 727 2427 universaliter
744 2378 881 2444 veram,
900 2379 1012 2451 supra
1030 2370 1217 2431 ostensum

171 2479 240 2539 est.
292 2466 423 2561 Neque
449 2466 547 2540 inter
573 2468 670 2540 hanc
695 2481 733 2540 et
762 2468 826 2540 viii
853 2469 1012 2542 affinitas
1040 2470 1117 2543 ulla
1142 2483 1216 2545 est:

171 2603 256 2653 cum
274 2579 384 2653 ibide
403 2590 589 2665 momento
604 2593 642 2654 et
659 2580 922 2677 impedimento
939 2583 1075 2679 agitur,
1094 2583 1158 2657 hic
1175 2584 1218 2658 de

170 2694 207 2765 vi
230 2693 268 2766 vi
281 2694 477 2767 contraria.
517 2694 637 2768 Causa
650 2696 785 2768 erroris
799 2695 927 2769 eadem
946 2709 1001 2770 est
1018 2722 1105 2793 quae
1122 2710 1218 2789 ante,

170 2830 303 2903 nempe
321 2820 551 2881 momentum
577 2820 616 2882 et
637 2807 955 2904 impedimentum,
975 2809 1053 2883 sive
1071 2836 1217 2886 causum

170 2931 212 2995 ut
237 2922 286 2995 sit
303 2933 340 2996 et
358 2944 506 2996 causam
527 2945 574 2994 ne
595 2922 655 3012 sit,
674 2923 861 2996 contraria
877 2946 958 2997 esse
985 2924 1216 3019 judicaverit.

514 3193 764 3247 PROPOSITIO
784 3197 882 3248 XIII.

225 3319 316 3404 Quoe
333 3345 380 3394 ee
404 3321 589 3396 mobilium
609 3325 780 3422 pondere
796 3327 984 3401 resultant
1009 3341 1131 3405 motus
1157 3332 1219 3406 im·

168 3431 395 3528 pedimento,
414 3436 564 3508 craterio
582 3436 757 3534 parium,
781 3450 867 3514 sunt
877 3442 1117 3539 perceleribrm
1131 3470 1221 3546 pro

164 3544 414 3642 portionalia.

225 3658 405 3757 Quodqme
422 3659 650 3759 dependere
667 3664 820 3756 dieitur,
837 3665 884 3740 de
896 3670 1026 3766 quavis
1039 3670 1123 3745 alia
1142 3698 1221 3748 con-

174 3771 301 3844 traria
331 3772 369 3845 m'
401 3773 577 3847 similiter
604 3776 898 3876 intelligendum,
934 3807 1018 3878 quea
1036 3781 1226 3884 ponderic'

174 3883 298 3957 inetur
315 3895 411 3961 erat.
462 3886 519 3960 Et
536 3888 710 3963 similiter
726 3891 766 3964 in
781 3894 1029 3991 sequentibus.

226 3997 320 4072 Quis
338 3998 433 4071 hanc
449 3999 653 4098 intelligit?
706 4005 807 4079 Quid
826 4017 883 4079 est
896 4008 1123 4086 resultare?
1153 4013 1222 4086 Re·

176 4108 287 4201 silire,
310 4135 360 4185 an
383 4136 481 4209 saepe
503 4114 669 4189 resilire?
723 4117 816 4192 Cum
844 4143 934 4216 ergo
952 4123 1040 4217 quid
1071 4125 1121 4201 sit
1151 4151 1222 4201 non

177 4222 355 4318 definivit,
374 4226 644 4324 conjiciendum
663 4231 812 4328 reliquit
828 4234 929 4308 mihi.
957 4237 1038 4334 Ego
1052 4263 1142 4316 vero
1154 4244 1221 4316 hoc
