2656 5136
62 860 147 902 PRQP.
163 862 206 904 11.

59 928 202 965 z-s-ae

245 656 317 723 234
546 668 789 727 ΤΒΑΟΤΑΤΕΒ
808 670 1001 726 oeneus.

245 838 407 912 nationis
434 840 554 934 major
581 839 779 913 semirecto
807 840 1022 937 quicunque
1047 836 1156 913 TEP.
1203 834 1279 913 Dico

245 953 422 1049 angulum
440 953 638 1026 refractum
656 953 718 1027 hic
731 977 877 1051 quoque
894 956 1079 1029 minorem
1097 975 1178 1027 esse
1191 953 1280 1027 semi·

245 1078 359 1140 recto.
404 1066 653 1163 Supponimus
664 1067 730 1139 ΑΒ
744 1080 784 1140 et
799 1066 867 1140 ΤΕ
883 1067 1000 1141 lineas
1017 1067 1116 1141 lucia
1127 1066 1281 1164 mqualm,

243 1193 287 1252 ut
304 1178 397 1252 radii
415 1181 460 1252 ab
475 1179 564 1275 ipsis
578 1178 749 1253 differant
765 1179 843 1253 sola
860 1180 1124 1255 inclinatione:
1142 1179 1282 1278 aequales

245 1317 335 1389 ergo
356 1306 443 1367 sunt
468 1293 530 1366 EF
551 1305 590 1366 et
615 1293 679 1383 El,
695 1316 830 1391 nempe
846 1294 1054 1391 aequalibus
1071 1294 1142 1367 AB
1167 1306 1206 1369 et
1227 1292 1282 1367 ΤΕ

244 1407 327 1502 conj
333 1421 451 1480 uuctae
467 1431 535 1503 per
550 1406 742 1503 parallelas
758 1406 930 1504 aequales.
964 1407 1157 1483 Quoniam
1173 1420 1282 1481 auten

244 1520 400 1615 angulus
418 1521 513 1594 ΑΕΡ
530 1532 587 1594 est
615 1520 844 1611 semircctus,
862 1520 934 1594 crit
951 1544 1104 1617 quoque
1121 1520 1216 1595 CED
1235 1544 1282 1594 se

243 1633 435 1706 mirectus:
454 1634 611 1730 ideoque
629 1657 714 1708 cum
731 1632 829 1709 ECD
847 1635 896 1708 sit
912 1645 1050 1722 rectus,
1069 1635 1184 1708 etiam
1201 1633 1281 1708 CDE

243 1747 314 1819 erit
348 1747 573 1820 semitectus.
638 1747 764 1823 Quare
796 1759 910 1823 rectae
943 1747 1019 1835 EC,
1037 1747 1106 1821 cl)
1138 1746 1282 1845 aequales

243 1871 364 1949 erunt,
382 1872 421 1932 et
438 1859 554 1934 CDEI
571 1859 805 1957 quadratum,
827 1874 867 1937 et
893 1874 936 1937 ut
962 1860 1012 1936 cl
1037 1860 1219 1935 diameter
1242 1859 1282 1933 ad

243 1972 308 2045 CD
326 1973 433 2061 latus,
451 1973 504 2046 ita
519 1973 570 2047 El
587 1973 637 2048 ad
650 1972 708 2064 IS,
720 1973 793 2048 hoc
810 1985 870 2048 est
885 1973 948 2047 EF
966 1972 1016 2047 ad
1032 1973 1095 2049 1s.
1130 1972 1283 2048 Ducatur

243 2085 304 2159 FG
315 2085 629 2182 perpendicularis
643 2085 691 2159 ad
704 2086 783 2177 ED,
796 2086 919 2161 minor
932 2086 1005 2161 erit
1018 2086 1205 2185 Funam
1214 2085 1281 2161 ur:

243 2200 365 2273 minor
382 2223 471 2296 ergo
490 2211 546 2273 est
571 2200 667 2273 ratio
684 2200 747 2275 GF
769 2199 817 2274 ad
845 2200 891 2275 IS
909 2224 1022 2294 quam
1048 2200 1219 2275 diametri
1241 2199 1281 2273 ad

243 2313 352 2387 latus.
404 2312 486 2386 Fiat
503 2336 593 2409 ergo
609 2326 653 2386 ut
670 2314 732 2387 EF
748 2314 796 2387 ad
815 2314 873 2404 IS,
891 2312 969 2388 sive
986 2328 1030 2388 ut
1048 2314 1228 2389 diameter
1241 2313 1281 2387 ad

244 2426 353 2515 latuS,
382 2426 435 2499 ita
462 2426 523 2500 FG
550 2427 598 2500 ad
628 2427 752 2500 aliud*
772 2428 847 2501 HK
875 2427 1217 2524 perpendicularem
1241 2426 1279 2500 ad

243 2538 394 2635 planum
422 2539 519 2612 idem
547 2540 634 2612 ED:
662 2541 732 2613 erit
750 2565 838 2637 ergo
857 2541 932 2614 HK
957 2541 1082 2615 minor
1099 2567 1209 2639 quam
1231 2541 1276 2614 is.

246 2652 345 2726 Quia
370 2675 458 2748 ergo
482 2653 542 2724 EF
568 2666 623 2726 est
649 2654 882 2749 profunditas
908 2678 1019 2751 quam
1043 2656 1279 2754 acquisivisset

244 2766 423 2838 terminus
441 2766 533 2838 lucis
552 2767 596 2855 R,
614 2768 796 2840 existente
819 2767 1028 2841 1111111111οΤ
1050 2769 1091 2841 in
1108 2769 1152 2857 E,
1171 2770 1200 2842 si
1218 2792 1278 2841 me·

246 2879 347 2952 dium
376 2903 452 2952 nou
481 2893 577 2952 esset
607 2892 802 2969 mutatum,
831 2880 903 2954 erit
922 2882 1002 2977 jam
1033 2906 1081 2955 ex
1105 2883 1278 2981 supposita

245 2994 424 3089 qualitate
442 2992 553 3066 medii
572 2994 645 3065 KH
664 2992 897 3089 profunditas
915 2996 1006 3090 ejus.
1061 2995 1102 3068 Si
1119 3020 1207 3093 ergo
1222 2995 1277 3069 du·

245 3120 351 3181 catur
378 3107 447 3180 LH
477 3106 653 3203 parallelo
679 3106 728 3178 ad
758 3106 836 3197 ED,
855 3108 926 3180 erit
949 3108 1058 3181 lineae
1081 3109 1175 3183 lucis
1199 3110 1276 3183 alter

244 3222 423 3294 terminus
441 3220 478 3292 in
497 3221 540 3309 Ε,
557 3219 651 3293 alter
669 3219 706 3291 in
722 3219 802 3291 LH.
858 3220 1045 3295 Quoniam
1060 3236 1184 3296 autem
1195 3223 1275 3295 linea

243 3333 336 3406 lucis
354 3333 505 3429 aequalis
523 3343 580 3405 est
597 3343 709 3404 rectae
727 3330 789 3420 El,
813 3332 992 3406 terminus
1017 3336 1099 3431 ejus
1125 3337 1164 3409 in
1191 3346 1274 3408 recta

244 3447 312 3519 LH
332 3445 438 3519 cadet
462 3446 559 3518 inter
576 3457 754 3541 punctum
773 3446 823 3536 H,
842 3458 880 3519 et
897 3460 1077 3541 punctum
1095 3450 1134 3522 in
1153 3474 1221 3546 quo
1236 3444 1273 3521 El

242 3573 281 3632 et
298 3560 367 3632 LH
386 3584 425 3632 se
445 3571 574 3633 mutuo
592 3560 827 3633 intersecant.
881 3559 938 3633 Sit
957 3584 1048 3656 ergo
1076 3562 1176 3637 linea
1198 3561 1272 3635 lucis

241 3672 321 3762 EQ,
340 3672 386 3745 ad
405 3697 515 3769 quam
546 3672 658 3745 ducta
682 3671 997 3768 perpendicularis
1024 3677 1065 3748 in
1092 3689 1225 3772 puncto
1240 3674 1270 3760 E,

240 3809 373 3881 nempe
407 3785 483 3874 EY,
515 3787 586 3857 erit
620 3785 717 3858 linea
750 3786 920 3859 refracta.
979 3788 1168 3863 Quoniam
1200 3810 1269 3883 ergo

240 3898 334 3970 YEZ
352 3910 408 3970 est
434 3899 590 3994 angulus
604 3911 739 3983 rectus,
761 3899 852 3971 item
870 3900 962 3972 MEI
980 3902 1141 3997 angulus
1158 3914 1269 3984 rectus,

240 4013 271 4084 si
303 4010 475 4084 dematur
501 4012 659 4107 angulus
691 4013 896 4085 communis
922 4013 1017 4102 YEI,
1054 4017 1128 4089 erit
1154 4013 1268 4111 augrrlo

240 4126 318 4198 IEZ
336 4124 486 4221 aequalis
516 4124 672 4220 angulus
691 4125 810 4213 MEY,
831 4126 894 4221 qui
922 4150 1007 4200 cum
1037 4130 1174 4226 angulo
1190 4125 1268 4201 YEO

238 4239 328 4312 facit
349 4238 524 4334 angulum
543 4238 650 4311 MEO
674 4239 920 4311 semirectum.
965 4240 1094 4315 Minor
1119 4256 1174 4316 est
1198 4260 1267 4335 ergo
1295 4301 1298 4311 .

238 4353 394 4448 angulus
418 4351 599 4424 refractus
629 4352 727 4425 YEO
763 4352 970 4426 semirecto.
1042 4355 1267 4453 Quapropter,

697 4604 714 4638 “
738 4603 796 4664 Sic.
