2656 5136
162 630 233 698 136
468 645 555 699 aux
573 645 894 699 uuraauarrcs.

0 836 146 878 movea-
163 813 233 885 ΒΗ
265 821 320 885 est
350 820 507 908 tangens
530 820 580 887 30
604 810 801 909 graduum,
826 810 1033 909 eademque
1058 809 1206 885 dimidia

6 918 38 959 ¹⁴
52 918 107 958 ³¹¹·
162 925 322 999 secantis
341 925 431 997 AH:
458 937 498 999 et
515 936 604 999 sunt
619 925 708 1021 ΑΗ,
727 925 794 998 DL
808 924 1009 1023 parallelae.

212 1040 278 1112 AT
298 1050 356 1111 est
380 1038 463 1112 duae
487 1039 608 1112 tertiae
634 1038 853 1113 semilateris
869 1038 953 1113 AB:
979 1030 1022 1113 id
1045 1048 1119 1127 est,
1138 1058 1208 1111 nna

161 1153 274 1225 tertia
291 1153 405 1225 totius
421 1152 548 1226 lateris
564 1152 644 1226 AB.
680 1152 810 1249 Itaque
822 1154 956 1249 juncta
971 1152 1056 1241 NT,
1073 1161 1115 1225 et
1129 1173 1208 1247 pro·

163 1266 277 1339 ducta
292 1265 340 1338 ad
356 1265 453 1338 latus
472 1263 536 1338 BG
552 1265 591 1337 in
609 1290 644 1361 q,
662 1265 837 1339 transibit
851 1288 919 1361 per
933 1264 984 1339 G:
1012 1277 1053 1339 et
1070 1262 1144 1338 erit
1158 1262 1209 1360 aq

162 1381 274 1453 tertia
291 1403 376 1475 pars
390 1379 504 1453 totius
521 1390 636 1453 rectoe
647 1378 722 1451 BL.
758 1378 946 1453 Quoniam
963 1378 1068 1452 enim
1079 1376 1147 1451 AT
1157 1387 1209 1450 est

164 1494 275 1566 tertia
292 1515 376 1588 pars
392 1490 517 1564 lateris
534 1491 617 1578 AD,
634 1502 672 1565 et
694 1489 878 1586 producta
898 1490 971 1565 ND
989 1490 1211 1565 determinat

164 1606 226 1678 IM
262 1606 334 1678 tria
366 1604 591 1678 semilatera:
628 1603 813 1700 producta
846 1603 916 1679 NT
950 1602 1211 1679 determinabit

163 1744 280 1792 unum
297 1718 486 1791 semilatus
504 1717 567 1791 IG.
620 1717 746 1792 Quare
763 1729 803 1792 et
828 1717 887 1816 Bq
903 1717 976 1791 erit
1001 1716 1119 1791 tertia
1131 1738 1211 1815 para

165 1834 281 1906 totius
300 1833 375 1905 BL.
427 1832 623 1920 Praeterea,
641 1830 692 1927 Fq
709 1842 768 1903 est
783 1831 896 1904 tertia
911 1852 1000 1925 pars
1016 1830 1107 1904 BH:
1131 1854 1211 1904 uam

166 1963 208 2021 ut
225 1948 288 2020 BT
304 1946 351 2020 ad
369 1945 446 2031 TG,
469 1946 523 2019 ita
542 1958 600 2019 est
623 1945 677 2042 Fq
694 1944 743 2018 ad
760 1943 833 2035 GF,
854 1957 1012 2041 propter
1032 1945 1212 2045 triangula

166 2062 276 2148 GFQ,
295 2061 391 2135 GET
406 2059 553 2133 similia.

119 2204 122 2209 ·
217 2176 408 2249 Hactenus
422 2172 664 2261 constructio,
678 2181 717 2245 et
729 2194 774 2245 ea
783 2194 868 2269 quae
881 2195 928 2246 ex
940 2170 1212 2247 constructione

167 2297 370 2383 sequuntur
387 2285 611 2374 immediate,
629 2297 667 2359 et
684 2285 842 2359 maxime
859 2284 1075 2361 manifesta.
1103 2285 1211 2360 Venio

168 2401 216 2474 ad
234 2402 463 2474 theoremata
481 2398 698 2474 difficiliora.

541 2623 792 2677 PROPOSITIO
812 2624 841 2676 1.

167 2739 286 2811 Recta
305 2765 388 2837 quoe
403 2739 555 2813 delcitur
568 2766 593 2814 a
603 2750 746 2839 puncto
760 2740 796 2813 N
811 2738 1063 2836 transibitque
1077 2740 1209 2814 interA

217 2861 255 2924 ct
272 2853 315 2940 Τ,
335 2852 472 2925 dividit
488 2863 632 2925 rectam
645 2853 722 2941 AT,
740 2861 778 2925 et
796 2877 922 2925 arcum
941 2852 1020 2944 BG,
1039 2863 1208 2928 errectos

219 2964 282 3054 IG,
303 2965 360 3063 Bq
379 2965 417 3038 in
435 2966 604 3038 rationes
622 2966 784 3039 cauden.

219 3079 339 3175 Super
363 3093 503 3152 rectam
521 3081 587 3153 AT
611 3080 842 3152 describatur
868 3102 977 3152 arcus
1002 3079 1207 3177 quadrantis

169 3193 239 3267 ST.
292 3195 385 3267 Cum
403 3217 492 3289 ergo
512 3194 575 3267 AT
592 3194 641 3266 sit
667 3194 777 3267 tertia
794 3216 878 3289 pars
902 3192 1031 3266 lateris
1050 3195 1133 3284 AD,
1149 3193 1207 3266 erit

168 3330 275 3380 arcus
289 3305 345 3381 ST
363 3307 473 3379 tertia
490 3330 575 3402 pars
589 3329 697 3379 arcus
716 3306 795 3393 BD,
808 3306 849 3379 id
866 3316 934 3394 est,
947 3307 1102 3401 aequalis
1118 3303 1208 3380 arcui

169 3420 245 3494 BG.
299 3420 423 3494 Quare
442 3419 473 3492 si
490 3431 629 3514 puncta
647 3418 672 3491 S
691 3430 730 3491 et
749 3418 781 3490 T
798 3417 1030 3514 intelligatur
1047 3419 1137 3493 ferri
1152 3439 1207 3516 per

168 3544 289 3606 rectas
304 3533 370 3604 AB
395 3544 433 3605 et
456 3532 520 3606 TG
547 3531 595 3605 ad
620 3530 808 3627 puuctaB
833 3543 872 3603 et
889 3531 933 3620 G,
956 3534 1208 3607 terminabitur

169 3645 266 3718 iuter
283 3646 346 3719 illa
363 3669 470 3718 arcus
489 3643 558 3716 ST.
612 3644 801 3733 Similiter,
819 3644 868 3716 sit
880 3644 943 3716 ΑΖ
962 3647 1127 3720 semissis
1144 3644 1207 3731 AT,

169 3771 207 3830 et
232 3758 294 3830 YZ
318 3781 424 3830 arcus
448 3757 711 3852 quadrantalis.
763 3757 844 3830 Brit
875 3757 992 3852 igitur
1022 3783 1132 3833 arcus
1156 3756 1208 3831 YZ

170 3870 319 3967 aequalis
337 3870 480 3943 semissi
498 3894 606 3943 arcus
625 3871 701 3944 BG.
746 3869 900 3943 Secetur
918 3894 1029 3945 arcus
1049 3872 1115 3947 BG
1130 3872 1210 3946 bifa-

167 3984 260 4056 riam
279 3984 317 4055 in
335 3984 370 4073 h,
387 3984 617 4081 ducaturque
634 3985 735 4056 sinus
753 3983 832 4079 ejus
855 3981 915 4057 ab.
968 3985 1091 4060 Erunt
1108 3986 1209 4083 igitur

166 4098 242 4184 AZ,
262 4095 312 4168 ab
328 4095 528 4194 parallelae:
556 4110 594 4170 et
623 4097 709 4193 quia
733 4095 794 4182 ab,
814 4096 917 4169 sinus
944 4096 1090 4171 dimidii
1112 4118 1209 4172 arcus

167 4210 245 4298 BG,
259 4222 316 4281 est
329 4209 490 4305 aequalis,
505 4220 548 4282 ut
561 4209 793 4282 notissimum
808 4220 876 4295 est,
891 4207 1057 4284 dimidiae
1071 4211 1210 4286 chorda

167 4327 243 4413 BG,
263 4323 447 4419 producta
471 4323 520 4396 ah
545 4335 586 4395 ut
610 4323 658 4396 sit
678 4323 735 4395 sui
758 4322 872 4418 ipsius
898 4322 1024 4418 dupla,
1050 4336 1211 4398 occurret

166 4453 279 4512 rectae
306 4437 377 4509 NG
401 4437 594 4531 productae
621 4435 659 4509 in
686 4433 720 4526 k,
739 4448 937 4532 propterea
963 4437 1067 4532 quod
1084 4439 1149 4514 AT
1164 4447 1212 4511 eet

168 4553 280 4650 dupla
298 4552 373 4625 AZ.
