2656 5136
66 39 329 87 emanantem
352 39 390 87 1n
407 37 560 110 slnguus
586 35 778 91 orornrnus

67 140 332 222 consequentes
345 140 387 201 ut
404 128 676 202 semidiameter
693 130 792 203 adar

67 262 249 333 prorsum,
267 254 304 314 et
321 255 364 314 ut
381 265 487 314 arcus
506 242 721 338 quadrantis
738 245 786 317 ad

68 364 282 426 retrorsum.

119 465 172 538 Ut
196 490 284 562 ergo
304 466 368 539 DC
393 466 440 539 ad
459 468 532 555 RS,
550 468 602 540 ita
625 481 683 539 est
703 469 793 541 Rsz

67 578 144 652 TV.
197 581 325 676 Itaque
355 580 433 667 DC,
446 580 518 668 RS,
537 605 644 653 arcus
672 605 782 676 super

67 694 172 766 tinae
197 693 503 790 proportionales.
553 694 602 766 Et
628 694 794 789 quonian

68 830 178 902 super
196 806 260 879 CA
286 816 373 877 sunt
399 805 508 878 etiam
533 805 707 878 continue
730 831 794 902 pro

69 920 231 1016 bentque
262 918 540 992 antecedentem
570 919 728 1014 primam
762 921 794 992 D

70 1034 165 1106 ratio
183 1055 291 1105 arcus
308 1054 419 1128 super
436 1031 502 1105 CA
519 1030 567 1104 ad
583 1056 711 1105 arcum
728 1057 795 1130 sup

68 1145 211 1218 Euclid.
231 1144 305 1217 xiv.
323 1145 389 1238 28)
410 1143 598 1240 duplicata
622 1146 781 1218 rationis

65 1271 262 1357 propterea
279 1279 385 1329 arcus
399 1280 510 1353 super
524 1257 584 1330 RS
598 1270 656 1331 est
674 1259 796 1331 media

65 1372 165 1446 inter
180 1394 308 1445 arcum
325 1393 434 1466 super
451 1369 518 1442 CA
530 1383 568 1443 et
585 1394 711 1444 arcum
729 1395 796 1468 sup

67 1487 133 1561 DC
150 1488 269 1584 major
285 1485 333 1559 sit
349 1508 459 1581 qnam
478 1485 553 1566 Rs,
572 1485 683 1558 etiam
702 1486 762 1558 RS
781 1511 796 1556 r

66 1623 174 1674 arcus
192 1623 303 1697 super
318 1599 395 1687 TV,
409 1611 447 1671 et
463 1621 570 1671 arens
587 1598 653 1671 CA
671 1601 788 1694 major

66 1738 134 1813 per
151 1713 224 1787 RS.
279 1712 403 1786 Quare
422 1736 507 1785 oum
526 1711 603 1797 DC,
615 1711 691 1799 CA,
709 1736 797 1784 arcu

67 1827 242 1900 continue
259 1825 564 1922 proportionaleS‚
582 1848 690 1898 arcus
709 1850 797 1921 supe

66 1964 133 2037 per
151 1940 225 2028 RS,
243 1963 350 2013 arcus
367 1963 478 2035 super
495 1938 563 2011 CA
581 1963 656 2012 non
674 1963 797 2035 possur

66 2052 371 2150 proportionales.
439 2051 550 2126 Quod
593 2068 650 2125 est
683 2066 797 2126 contr:

67 2170 154 2244 Non
171 2180 228 2243 est
245 2192 334 2266 ergo
351 2168 418 2242 Dc
435 2169 553 2263 major
570 2192 679 2264 quam
699 2168 770 2242 RS.

118 2283 355 2380 Supponatur
389 2305 515 2355 rursus
546 2282 607 2355 RS
638 2284 757 2377 major
792 2311 798 2352 ι
