2656 5136
145 639 218 705 340
399 654 454 707 nn
482 656 761 709 ursanrnrnus
794 656 928 709 enccr.

148 815 225 882 Non
241 828 290 883 est
304 817 357 884 ille
371 818 430 897 leo,
446 820 496 886 leo
511 820 657 906 quamvis
671 822 774 908 erigat
786 820 872 886 hirta

150 915 243 983 Colla
251 918 341 1002 juba,
359 919 529 1004 sedeatque
543 921 627 985 antri
642 921 729 986 ferus
743 920 847 986 incola
861 920 938 986 caeci
950 944 960 996 3

61 1021 125 1081 510
152 1014 215 1082 Sed
230 1016 337 1082 sulvus
351 1017 438 1104 lapis.
484 1018 544 1085 Ille
559 1042 655 1086 senex
670 1020 727 1105 qui
740 1019 873 1105 rupibus
887 1019 995 1105 aspris

151 1115 280 1181 Inuisus
294 1118 424 1183 recubat
438 1118 555 1194 cubito,
570 1141 643 1204 pars
657 1118 745 1204 rupis
759 1128 793 1183 et
807 1117 874 1204 ipse
889 1128 951 1183 est.

151 1213 299 1298 Quaeque
313 1214 452 1280 lacunari
466 1216 642 1283 scintillant
655 1231 741 1282 astra
754 1215 902 1294 micante,

153 1314 238 1380 Sunt
252 1313 345 1379 nitidi
359 1313 447 1380 illata
460 1328 659 1403 gemmantes
673 1317 744 1382 luce
758 1315 871 1402 lapilli:

152 1412 320 1497 Guttaque
335 1435 408 1496 quae
422 1415 491 1479 saxi
505 1436 615 1481 mucro
630 1437 716 1480 nunc
730 1413 848 1500 pendet
862 1413 963 1491 acuti,

151 1511 320 1596 Numquid
335 1523 369 1577 et
382 1511 435 1577 ille
449 1513 553 1600 lapis?
595 1513 696 1599 Lapis
709 1513 764 1577 illa
778 1512 829 1578 vel
843 1522 903 1589 est,
918 1512 974 1579 vel
989 1513 1060 1580 erit
1073 1537 1159 1581 mox.

151 1611 287 1675 Admoti
301 1621 466 1696 exceptam
479 1611 582 1698 digito
596 1610 819 1698 deprendimns
833 1632 902 1675 esse

150 1708 186 1773 N
187 1732 223 1775 ec
238 1710 383 1795 lapidem,
399 1733 457 1776 nec
472 1733 597 1796 aquam,
611 1734 725 1777 verum
740 1709 843 1775 media
856 1709 944 1776 inter
959 1720 1148 1798 utrumque

151 1808 287 1886 Natura,
304 1809 455 1894 qualique
469 1820 566 1875 tenax
581 1809 712 1875 humore
726 1809 837 1874 farina.

150 1907 286 1973 Detinet
300 1909 440 1974 intentos
454 1908 531 1974 dum
545 1909 722 1996 transfuga¹
739 1907 879 1995 lympha,
895 1907 1043 1976 lucernae

64 2014 127 2074 520
152 2008 263 2075 Curtae
278 2010 427 2095 perplexa
441 2010 574 2076 suadent
588 2010 675 2076 exire
690 2032 832 2075 caverna

154 2107 216 2174 Sed
231 2107 319 2192 prius
334 2108 373 2174 ad
388 2108 499 2174 levam
513 2120 700 2186 remeantes,
717 2109 859 2193 undique
875 2130 955 2174 saxo

151 2206 336 2273 Obductum
351 2207 454 2294 plano,
470 2205 559 2283 furis,
575 2207 727 2292 nulloque
742 2208 924 2273 madentem

150 2306 237 2372 Rure
252 2306 338 2370 Pom
352 2306 536 2382 thalamum,
551 2304 626 2371 lecti
640 2305 804 2391 Insanique
819 2328 981 2392 capacem,

152 2406 351 2492 Inspicimus.
399 2404 528 2490 Superis
542 2416 612 2470 tum
627 2405 755 2470 demum
769 2405 932 2471 reddimur
946 2405 1025 2472 oris.

151 2504 177 2569 J
179 2528 228 2568 am
244 2503 352 2588 tepido
367 2502 465 2568 sessos
480 2504 593 2569 sudore
608 2504 765 2590 rigaverat
780 2514 877 2578 artus,

154 2601 395 2685 Scandeudique
410 2601 516 2686 gravis
530 2602 628 2678 labor,
644 2613 677 2667 et
692 2603 827 2667 formido
842 2601 990 2680 cadendi,

151 2701 415 2786 Reptantumque
430 2723 543 2764 manus
558 2702 720 2765 obleverat
734 2700 863 2765 humida
878 2700 986 2766 tellus·

152 2800 275 2864 Verum
292 2810 365 2863 aute
381 2822 435 2862 ora
450 2822 560 2883 specus
575 2801 669 2864 turba
683 2799 820 2863 officiosa
834 2799 981 2866 lavandis

152 2899 322 2964 Praebcbat
335 2898 480 2962 manibus
495 2898 677 2982 permistam
692 2898 820 2962 floribus
836 2897 966 2964 undam.

63 3012 126 3073 530
154 2997 282 3065 Scilicet
296 2996 436 3083 exigitur
450 2998 545 3062 tacite
560 3020 617 3081 pro
628 3020 757 3061 munere
773 3019 930 3060 nummus

151 3097 266 3163 Recte:
290 3119 427 3179 namque
441 3096 564 3161 haerent
578 3096 694 3173 sordes,
710 3107 872 3179 utcunque
887 3097 1050 3178 lavemur,

151 3196 186 3260 N
188 3196 208 3274 i,
224 3218 405 3281 quanquam
421 3195 554 3271 levibus,
571 3194 727 3260 reseratur
741 3195 844 3281 gratia
858 3194 961 3260 donis.

152 3392 270 3459 Omnia
279 3395 346 3479 jam
363 3393 465 3457 Psccr
480 3393 631 3457 miracula
645 3393 782 3458 vidimus
797 3392 866 3457 alti:

152 3490 400 3576 Buxtouamque
416 3492 530 3557 iterum
546 3491 686 3576 perlatis,
702 3508 735 3556 et
749 3492 813 3556 cito
828 3489 961 3576 pransis,

152 3591 370 3654 Adducuntur
385 3590 468 3674 equi,
485 3613 542 3653 nos
558 3589 613 3672 qui
628 3589 712 3653 inter
727 3589 836 3654 nubila
850 3599 968 3665 vectos,

154 3687 358 3772 Solliciteque
373 3687 480 3753 decem
496 3698 698 3751 numerantes
713 3688 812 3751 millia
827 3710 964 3772 passum,

151 3787 215 3852 Per
229 3811 293 3851 non
308 3787 446 3873 insignes
463 3786 677 3862 Chelmarton,
696 3785 843 3862 Sheldon‚
856 3797 889 3850 et
905 3787 1059 3855 Ashsord

152 3886 208 3950 Ad
225 3885 426 3952 Chatswnrth
442 3885 587 3950 referunt
600 3885 733 3950 celerem
750 3885 918 3949 Dercentis
935 3886 975 3950 ad
992 3891 1131 3959 undam.

358 4072 365 4104 ¹
385 4073 573 4143 Translugiens
584 4091 601 4127 a
613 4081 705 4126 natura
717 4090 800 4142 aquea
812 4072 845 4125 ad
856 4089 971 4127 saxeam.
