2656 5136
441 671 776 724 scotasmsrren.
1058 658 1131 724 395

88 836 153 900 See.
178 833 229 899 At
243 833 367 899 daemon
382 833 528 910 mendax,
540 833 597 918 qui
611 856 698 899 nuno
712 833 895 919 possederat
908 833 1002 920 ipsos,

134 933 169 1000 Si
185 934 270 999 eredi
285 944 448 1019 cuperent,
463 933 636 1019 ejiciendus
651 943 730 999 erat.

89 1035 149 1097 Pr.
176 1032 314 1118 Spiritus
328 1032 438 1119 (adde)
453 1045 486 1098 et
500 1032 652 1109 avaritiae,
668 1032 834 1118 fastusque
849 1031 988 1119 superbi,

132 1132 227 1209 Litis,
243 1132 403 1209 vindictae,
419 1132 615 1216 saevitiaeque
630 1132 717 1198 ferae.

91 1231 154 1295 Sed
169 1253 254 1296 nune
268 1230 413 1295 ridiculae
428 1230 581 1295 miracula
596 1230 690 1295 mitto
703 1229 871 1316 legendae;

133 1331 184 1396 Ut
198 1353 269 1415 quae
279 1330 469 1415 jamdudum
484 1340 561 1395 sunt
574 1329 635 1394 tibi
649 1338 727 1394 nota
741 1328 826 1394 satis.

90 1430 163 1495 Hoe
177 1452 246 1495 aevo
261 1439 355 1494 terrae
371 1428 520 1513 spoliavit
534 1439 625 1513 parte
639 1427 769 1493 Latinae

133 1530 204 1595 Rex
219 1528 475 1594 Lombmdorum
491 1527 682 1593 Pontificem
696 1527 805 1592 laicus.

89 1628 176 1692 Tum
191 1651 248 1693 rex
264 1626 471 1711 Chilperious,
487 1627 634 1712 stupidus
649 1625 846 1712 cognomine,
859 1648 993 1712 regnum

133 1728 300 1792 Gallorum
316 1725 439 1790 tenuit:
462 1726 540 1791 feeit
555 1726 671 1812 etipse
686 1724 787 1790 nihil:
1051 1725 1134 1789 1730

91 1827 210 1893 Omnia
224 1836 293 1891 erat
308 1824 464 1910 Pipinus3
488 1848 645 1911 opemque
660 1825 764 1890 oravit
777 1825 818 1890 ab
832 1823 889 1890 illo

134 1927 252 1991 Contra
267 1924 465 1989 Lombardos
480 1923 589 2010 Papa3
612 1947 672 1990 neo
686 1923 740 1989 ille
753 1933 862 2010 negat.

92 2023 205 2087 Armis
221 2021 349 2087 Italiam
365 2022 468 2108 petiit,
483 2022 647 2109 superavit
660 2032 695 2087 et
707 2021 852 2098 hostem3

133 2121 285 2186 Pontifici
300 2121 426 2207 glebam
441 2121 649 2206 restituitque
664 2144 763 2186 suam.

90 2220 200 2306 Digna
215 2243 307 2307 rogas
323 2242 427 2305 operae
442 2243 515 2304 quse
530 2221 616 2307 oepit
631 2219 761 2307 praemia
775 2221 899 2285 tantae?

131 2319 188 2383 Fit
203 2342 259 2384 rex
276 2318 428 2404 Pipinus:
454 2319 655 2406 Chilperieus
669 2320 853 2385 monachus.

95 2419 129 2483 N
131 2443 167 2485 eo
182 2420 258 2483 dum
274 2419 347 2483 finis
361 2429 449 2484 erat:
467 2419 584 2506 Pipino
598 2429 701 2486 morte
715 2430 838 2486 remoto

135 2518 336 2583 Lombardus
351 2518 456 2584 victus
470 2542 580 2584 rursus
595 2517 629 2582 in
643 2541 732 2584 arma
745 2518 822 2584 ruit.

93 2619 228 2684 Ablatas
243 2618 359 2683 iterum
374 2617 537 2684 Romanas
551 2628 687 2705 oeeupat
700 2620 806 2696 urbes,

137 2717 225 2799 Quas
240 2717 357 2782 iterum
373 2717 464 2783 miles
479 2718 622 2783 Gallicus
637 2718 760 2805 eripiet
1053 2714 1137 2783 1740

93 2817 180 2881 Nam
196 2816 326 2882 Carolus
343 2816 493 2902 Magnus,
509 2816 620 2902 Pipini
634 2817 730 2894 filius,
745 2817 842 2882 armis

138 2914 352 2979 Lombardum
367 2926 493 3001 ereptos
507 2915 638 2981 reddere
653 2915 740 3002 oogit
754 2939 856 3002 agros.

92 3015 139 3079 Et
155 3014 284 3079 veniens
298 3013 446 3091 Romam,
462 3014 600 3080 turbatis
614 3014 783 3080 schismate
796 3015 921 3080 firmam

137 3113 289 3178 Romanis
304 3135 414 3199 paoem
427 3113 683 3198 Pontifioemque
694 3114 791 3180 dedit

96 3212 149 3281 Sic
165 3213 285 3298 Papam
301 3212 387 3288 fecit,
403 3213 533 3278 victoris
542 3215 626 3298 jure,
644 3213 805 3279 Leonem:

139 3312 286 3394 (Tertius
301 3311 354 3377 ille
370 3310 434 3377 fuit
448 3312 501 3377 cui
516 3312 587 3378 Leo
601 3335 717 3378 nomen
732 3312 825 3397 erat)

94 3414 128 3478 N
131 3435 167 3478 ee
182 3412 246 3476 suit
260 3411 405 3496 ingratus
421 3411 510 3476 Leo:
535 3435 608 3476 nam
625 3410 737 3478 Carolo
752 3410 841 3477 dedit
854 3410 909 3478 ille

138 3511 274 3579 Caesaris
288 3510 415 3595 antiqui
428 3533 544 3576 nomen
559 3521 594 3576 et
607 3509 785 3596 imperium.

95 3613 158 3676 See.
183 3611 276 3675 Talia
289 3611 373 3676 dona
387 3610 469 3676 solet
483 3610 656 3695 producere
670 3609 775 3696 gratia
788 3631 879 3675 raro:

138 3708 313 3776 Contraoto
329 3710 434 3796 potius
450 3710 567 3776 foedere
581 3718 676 3796 pacta
689 3719 778 3795 puto.
1054 3710 1139 3776 1750

95 3805 197 3872 Italus
212 3819 269 3873 aut
284 3807 408 3885 Gallus,
424 3809 502 3892 quid
517 3808 552 3872 in
567 3807 695 3895 Anglos
710 3807 793 3893 juris
807 3806 967 3873 habebat?

139 3905 172 3969 N
175 3929 216 3971 on
232 3930 289 3972 sua
303 3929 360 3972 rex
375 3906 520 3986 Carolus,
535 3931 599 3973 non
614 3931 673 3973 sua
687 3907 778 3993 Papa
791 3906 888 3973 dedit

97 4011 154 4071 Pr.
178 4005 237 4069 Nil
252 4007 350 4071 refert
365 4030 429 4091 quo
440 4009 532 4093 jure:
557 4008 734 4073 seductum
749 4017 819 4082 est;
844 4017 879 4073 et
892 4006 957 4072 fuit
970 4007 1052 4073 alter

139 4104 311 4169 Terrarum
326 4104 485 4171 Dominus
498 4134 507 4181 ;
532 4106 605 4172 Rex
620 4106 714 4172 Fidei
728 4107 809 4172 alter
823 4116 902 4173 erat.

96 4203 130 4266 N
132 4226 167 4268 eo
183 4213 233 4268 tot
246 4203 286 4266 ad
301 4203 425 4289 imperii
440 4205 546 4290 potuit
560 4207 639 4270 tuba
653 4205 745 4292 signa
755 4206 837 4272 ciere

139 4303 226 4378 Tela,
242 4313 322 4386 quot
336 4303 375 4367 ad
391 4303 483 4369 Fidei
498 4316 602 4370 eastra
615 4305 724 4371 venire
739 4306 861 4371 volunt.

95 4401 246 4486 Namque
262 4404 349 4467 tubae
364 4401 495 4489 clangor
508 4405 657 4469 mortales
672 4404 792 4470 indicat
806 4405 931 4471 hostes:

138 4501 178 4565 In
194 4500 286 4566 sibilo
302 4500 395 4566 Fidei
410 4502 552 4567 ereditur
565 4526 633 4568 esse
647 4503 748 4568 Deus.

96 4600 168 4686 Ipso
184 4609 281 4686 eaput
297 4600 401 4667 Caroli
416 4600 519 4666 ein'xit
533 4602 711 4668 diademate
726 4603 847 4668 clarum
