2656 5136
338 39 1252 433 -

149 654 221 719 384
573 666 773 719 nrsronrs

192 832 326 919 Eripere
340 831 410 898 brec
423 831 526 899 avidis
539 842 607 898 tum
624 832 763 919 pretiose
777 830 868 898 viris.

150 933 238 1017 Quid
253 933 350 999 faciet
364 932 487 1010 Prseeo,
501 931 670 1019 (quoniam
684 932 839 999 miracula
852 934 1037 1021 comeum

194 1033 261 1116 Qui
277 1031 384 1119 potuit
398 1032 497 1098 verbo
510 1030 680 1098 conciliare
696 1032 839 1097 Fidem?
1139 1038 1207 1101 131⁰

150 1131 237 1197 Nam
248 1131 275 1195 si
290 1154 355 1196 non
369 1130 433 1196 illis
447 1130 638 1197 simulachra
651 1130 777 1197 indulta
789 1129 948 1211 fuissent,

193 1232 217 1296 J
219 1231 347 1295 udaeum
362 1230 497 1296 eraeous
511 1230 566 1296 vix
580 1230 731 1297 coluisset
744 1228 852 1296 homo.

150 1328 239 1416 Ergo
253 1330 315 1396 coli
330 1329 455 1416 sapiens
469 1328 615 1416 permisit
628 1329 758 1396 doctor:
781 1340 817 1395 at
831 1330 892 1397 illa

196 1428 265 1495 Sub
279 1440 367 1495 certa
379 1440 507 1495 tautum
521 1428 705 1496 conditione
718 1428 791 1506 ooli,

151 1527 278 1614 Nempe
292 1537 330 1594 ut
344 1538 507 1594 mutarent
520 1527 667 1593 divorum
680 1526 818 1593 nomina.
865 1526 1012 1599 Nolunt

194 1627 260 1693 Vel
277 1626 360 1694 Solis
374 1627 447 1704 diei,
462 1626 514 1693 vel
530 1624 721 1692 simulachra
733 1625 759 1693 J
760 1625 840 1703 ovis,

152 1726 216 1792 Vel
231 1725 355 1803 thbi,
371 1725 498 1803 dicertis,
514 1725 631 1801 Lunae,
647 1723 796 1802 Veneris,
811 1725 867 1790 vel
882 1726 1044 1807 Amoris,

195 1824 358 1901 Mercurii,
371 1824 501 1901 Bacchi,
514 1822 665 1901 Palladis,
681 1836 740 1889 aut
753 1822 903 1891 Cereris:

152 1922 216 1990 Sed
232 1924 361 2002 Christi,
378 1923 479 2001 Petri,
495 1922 601 2000 Pauli,
618 1922 809 2007 sanctoque
825 1922 960 2005 Maria,

196 2026 265 2088 Aut
278 2023 340 2089 alio
355 2022 470 2109 quovis
483 2022 612 2089 nomino
626 2020 841 2108 Apostolioo¹.
1136 2032 1208 2095 1320

152 2121 206 2189 Sic
221 2121 313 2187 Fidei
330 2144 413 2188 verae
427 2143 532 2187 comes
547 2120 593 2187 ire
608 2118 794 2187 Idololatria

193 2220 353 2287 Permissa
367 2232 436 2296 est3
460 2242 537 2286 vora
550 2219 623 2306 plus
636 2219 822 2307 placuitque
837 2218 934 2288 Fide.

151 2320 257 2402 Quam
273 2319 381 2384 nullus
396 2318 551 2405 Princeps
565 2329 615 2385 est
628 2341 725 2385 ausus
739 2328 884 2404 tempore
899 2319 1007 2411 longo

193 2418 337 2494 Laedere,
353 2440 412 2484 nec
426 2417 487 2483 sibi
501 2440 581 2503 grex
595 2428 737 2483 senserat
750 2439 818 2483 esse
832 2419 928 2485 male.

152 2516 216 2586 Sed
231 2516 332 2583 veluti
346 2539 489 2602 properae
504 2539 589 2581 curm
604 2516 805 2582 subnascitur
819 2517 915 2584 ulcus

195 2617 294 2692 Acro,
310 2616 396 2701 quod
411 2616 451 2680 ad
466 2625 594 2701 tempus
609 2639 672 2682 non
688 2619 784 2682 breve
798 2640 884 2703 saepe
899 2619 997 2697 latet,

150 2716 197 2782 Et
211 2716 339 2781 tandem
354 2715 511 2801 erumpit:
536 2715 582 2781 sic
597 2718 743 2781 morbum
757 2738 815 2780 rex
830 2716 902 2783 Leo
917 2720 1052 2805 primus

196 2815 313 2892 Sensit,
330 2838 389 2881 nec
404 2815 511 2900 potuit
520 2816 587 2900 jam
602 2838 751 2901 superare
763 2815 894 2881 anulum.

153 2913 217 2980 Sed
231 2925 339 2980 tamen
356 2913 429 2979 hinc
445 2927 555 2980 natum
571 2926 620 2980 est
635 2915 754 2979 bellum
769 2913 926 2982 calamare
943 2915 1128 3006 Sophistis,

194 3011 363 3098 Temporis
377 3012 464 3077 illius
480 3012 536 3096 qui
551 3013 686 3078 drrouere
701 3012 806 3077 fidem.
1131 3026 1206 3086 1330

152 3112 224 3178 Hoc
239 3112 323 3178 bello
339 3111 415 3177 vieti
430 3122 593 3177 cessarunt
608 3110 820 3186 Iconomachi,

194 3211 228 3276 N
230 3235 272 3278 on
286 3212 505 3288 concedentes,
521 3212 576 3276 sod
591 3211 705 3276 siluero
720 3211 784 3275 diu.

152 3311 224 3377 Hac
239 3322 308 3377 arte
323 3311 472 3377 effectum
488 3322 547 3387 est,
564 3333 604 3376 ne
620 3310 746 3396 quando
761 3322 906 3375 comeret
921 3322 1031 3378 artem

196 3409 314 3487 Stulta,
329 3421 471 3495 stupens,
486 3420 520 3475 et
534 3408 625 3474 hians
640 3409 729 3495 plebs
744 3409 776 3472 in
792 3408 1002 3494 imaginibus.

153 3511 294 3575 Numina
307 3533 367 3575 nee
382 3519 507 3574 tantum
524 3508 648 3575 Gentes
662 3508 773 3573 fictilia
786 3509 948 3586 amabant,

196 3610 261 3676 Sed
275 3609 373 3675 festos
388 3608 484 3674 otiam
499 3608 719 3674 concelebrare
733 3607 818 3672 dies:

152 3708 280 3774 Tollere
296 3731 376 3792 quos
392 3708 577 3793 quicunque
592 3719 676 3773 esset
690 3718 822 3772 conatus
837 3705 979 3791 ineptus,

194 3807 338 3872 Fecisset
351 3805 513 3871 madidum
529 3829 642 3872 saxeus
656 3806 758 3871 imber
768 3828 851 3871 eum.

152 3906 240 3972 Hinc
256 3905 434 3983 chronicus
450 3904 550 3970 festus
563 3907 658 3987 (tunc
675 3903 870 3990 Saturnalia)
884 3928 974 3972 nunc
988 3921 1043 3974 est

195 4004 380 4073 Catholicus
395 4003 507 4081 festus,
522 4005 650 4072 nomine
667 4003 844 4070 Corniculo.
1128 4016 1205 4076 1340

153 4105 267 4170 Nonne
281 4102 378 4169 etiam
393 4103 511 4167 mensis
526 4102 607 4169 Maii
623 4104 761 4190 primurn
777 4101 960 4182 meministi,

194 4202 244 4269 Te
259 4225 367 4288 puero,
377 4202 513 4287 juvenes
528 4204 746 4269 concelebrare
762 4202 870 4268 diem?

152 4302 203 4368 Ut
217 4302 366 4367 Phallum
382 4303 560 4379 arboreum,
576 4306 754 4369 membrum
768 4301 883 4379 navilo,
899 4302 1056 4373 serebant

194 4402 225 4467 E
240 4401 348 4489 sylvis,
364 4400 468 4467 medio
483 4424 579 4486 quern
594 4414 734 4469 statuere
749 4402 833 4467 soro:

362 4628 369 4657 ¹
389 4626 469 4696 [vide
482 4588 655 4691 Lel'rarusx,
668 4628 787 4699 Anglice,
799 4644 824 4697 p.
837 4629 964 4698 teu-60]
