2656 5136
517 632 742 690 uunrauuo.
1152 618 1200 696 97

45 815 168 890 habere
201 817 318 890 inter
356 836 399 888 se
433 814 623 903 rationem,
658 838 726 888 neo
761 815 965 911 comparari
1001 813 1202 888 secundum

46 934 301 1030 quantitatem
320 931 482 1029 possint.
533 930 672 1027 Magna
697 933 785 1006 item
804 931 1010 1004 differentia
1027 942 1083 1003 est
1108 931 1204 1003 iuter

46 1050 209 1124 radicem
238 1048 399 1123 numeri
428 1047 609 1145 quadrati,
640 1060 679 1121 et
709 1048 899 1146 qnadratae
933 1050 1061 1145 figurae
1095 1047 1205 1121 latus.

50 1167 163 1240 Radix
181 1167 292 1240 enim
312 1177 374 1239 est
391 1188 575 1256 numerus,
594 1177 633 1238 et
650 1166 707 1238 sui
729 1165 898 1261 quadrati
921 1189 1006 1262 pars
1023 1166 1204 1261 aliquota:

51 1283 109 1357 sed
123 1283 231 1356 latus
249 1285 389 1379 fignrae
406 1281 596 1378 qnadratae
609 1306 693 1379 pars
706 1294 860 1356 nonest.
906 1283 1102 1356 Innumero
1120 1294 1205 1357 suut

52 1399 235 1496 quadrata
255 1422 344 1494 qnae
361 1399 525 1471 numeris
543 1400 664 1473 efferri
686 1424 760 1473 non
790 1415 953 1497 possunt,
973 1402 1035 1496 qui
1062 1401 1207 1474 numeri

54 1517 197 1590 radices
220 1516 349 1589 nullas
371 1515 531 1589 habent:
557 1516 622 1589 sed
647 1518 775 1613 figurae
794 1517 982 1613 quadratae
1008 1541 1134 1591 omnes
1154 1517 1207 1590 la·

57 1646 135 1706 tera
151 1634 312 1707 habent.
368 1631 480 1707 Quod
498 1633 528 1706 si
546 1634 690 1707 dicatur
708 1634 868 1707 radicem
888 1636 926 1707 in
948 1635 1018 1707 illis
1044 1636 1207 1708 numeris

57 1749 349 1848 uon-quadratis
367 1749 457 1823 satis
473 1774 589 1846 prope
608 1751 783 1824 accedere
801 1751 999 1847 aliquando
1023 1751 1070 1825 ad
1085 1775 1208 1824 veram

59 1867 183 1940 lateris
207 1863 493 1962 longitudinem,
510 1890 656 1964 nempe,
680 1868 710 1941 si
733 1868 830 1941 latus
848 1868 1034 1941 dividatur
1059 1869 1097 1941 iu
1124 1891 1208 1965 par·

60 1984 150 2057 tium
162 1982 370 2056 nnmerum
384 1984 473 2056 satis
490 2006 688 2080 maguum:
716 2006 841 2055 verum
860 2007 934 2056 non
954 1995 1022 2056 est.
1077 1983 1209 2057 Nullus

63 2102 159 2175 euim
172 2123 353 2175 numerus
370 2101 531 2197 partium
548 2102 637 2176 satis
654 2125 809 2197 magnus
828 2114 908 2174 est:
940 2101 1026 2197 qnia
1053 2101 1210 2197 quadra·

64 2231 141 2293 tum
158 2218 241 2291 dari
262 2230 391 2315 potest
408 2219 508 2291 omni
536 2218 622 2292 data
648 2218 903 2315 magnitudine
930 2220 1059 2314 majus.
1112 2219 1211 2292 Nam

66 2334 162 2431 quod
181 2333 308 2407 deficit
325 2357 401 2405 uno
419 2333 513 2429 pede
530 2335 569 2406 in
591 2334 706 2408 latere
725 2348 873 2408 centum
892 2336 1045 2408 millium
1063 2336 1210 2432 pedum,

68 2451 213 2525 deficiet
231 2474 306 2523 uua
324 2450 596 2526 semidiametro
615 2463 725 2525 terrae
743 2453 781 2525 in
798 2453 913 2526 latere
931 2453 1087 2526 totidem
1105 2453 1212 2526 semi·

69 2569 333 2642 diametrorum
352 2582 473 2642 terrae.

117 2709 177 2760 ux.
205 2684 470 2781 Multiplicatio
501 2684 669 2760 divisoris
698 2710 765 2783 per
795 2689 1020 2784 quotientem
1049 2687 1213 2762 restituit

71 2804 240 2877 divisum.
294 2802 353 2875 Sit
367 2803 465 2874 enim
482 2802 619 2876 divisus
637 2811 686 2877 20
704 2827 770 2899 per
788 2813 822 2892 5,
842 2816 879 2878 et
895 2806 1065 2903 quotiens
1086 2805 1156 2877 erit
1175 2817 1212 2876 4.

72 2921 141 2995 Sed
158 2934 196 2994 et
213 2919 461 3015 multiplicato
481 2928 502 2993 5
521 2944 586 3016 per
603 2930 639 3008 4,
659 2920 859 3016 productus
877 2922 948 2994 erit
966 2945 1091 2995 rursus
1109 2929 1169 2995 20.

117 3062 159 3112 x.
186 3038 294 3112 Idem
311 3037 424 3109 etiam
441 3061 569 3110 verum
587 3050 642 3111 est
657 3039 695 3110 in
712 3039 874 3111 numeris
888 3039 1034 3111 curicis.

119 3157 176 3231 Sit
194 3156 296 3230 enim
314 3154 553 3229 dividendum
578 3158 636 3228 4Α
653 3181 721 3253 per
744 3157 817 3229 lA:
846 3170 988 3230 certum
1011 3167 1067 3229 est
1094 3158 1215 3253 quoti-

72 3286 189 3348 entem
207 3296 290 3347 esse
310 3272 382 3345 4Α.
432 3273 531 3368 Ergo
549 3274 637 3368 quia
660 3273 810 3362 divisor,
828 3272 1076 3370 multiplicans
1094 3274 1215 3370 quoti-

74 3407 204 3481 eutem,
223 3388 350 3465 reddit
367 3390 524 3463 divisum
542 3392 612 3480 4Α,
631 3391 833 3488 productus
862 3415 936 3463 uon
963 3391 1033 3464 erit
1063 3393 1120 3484 (ut
1138 3416 1215 3465 ma-

74 3509 261 3583 thematici
292 3507 398 3580 multi
424 3510 573 3604 putant)
605 3518 627 3580 4
660 3509 840 3605 quadrata
868 3508 914 3580 ab
944 3510 988 3597 A,
1007 3510 1082 3582 sive
1110 3510 1215 3582 4AA.

76 3625 249 3698 Similiter
265 3623 306 3696 in
330 3621 531 3710 additione,
549 3625 671 3697 2Aet
693 3625 753 3697 ⁴2A
779 3624 920 3697 faciunt
943 3627 1013 3698 4Α.
1065 3626 1217 3700 Additio

76 3753 194 3813 antem
212 3737 370 3813 totidem
389 3737 586 3834 aequalium
604 3740 702 3813 idem
720 3741 809 3813 facit
827 3742 925 3838 quod
947 3744 1217 3841 multiplicatio.

77 3857 197 3932 Quare
215 3855 277 3929 uA
294 3854 539 3951 multiplicata
555 3879 622 3952 per
639 3857 698 3930 uA
714 3857 856 3930 faciunt
880 3872 1024 3933 tautum
1049 3863 1119 3951 4Α,
1143 3886 1219 3935 non

76 3983 96 4046 4
113 3971 300 4068 quadrata
316 3972 364 4044 ab
383 3973 427 4044 A.

123 4113 186 4164 xl.
214 4089 282 4162 Sin
318 4110 386 4184 pro
417 4112 457 4161 re
492 4101 685 4162 numerata
715 4103 876 4186 ponatur
910 4118 1001 4164 unua
1035 4116 1219 4179 numerus,

80 4208 178 4297 (nam
196 4220 240 4280 ut
259 4206 413 4278 aliarum
431 4230 567 4295 rernm,
587 4208 639 4279 ita
664 4232 902 4281 numerorum
932 4234 1105 4282 numerus
1133 4211 1220 4301 est),

77 4337 117 4397 nt
135 4323 286 4421 quando
302 4324 463 4419 quinque
481 4324 613 4396 binarii
633 4338 670 4396 et
694 4349 789 4397 uuus
807 4326 970 4399 binarius
989 4326 1222 4421 multiplicati

79 4454 162 4513 sunt
184 4442 282 4514 inter
307 4464 359 4528 se,
382 4441 584 4535 productus
606 4443 686 4531 erit,
706 4467 778 4514 non
806 4444 968 4538 quinque
995 4444 1139 4530 binarii,
1159 4443 1223 4514 sed

80 4557 205 4632 decem
222 4557 369 4648 binarii,
388 4557 427 4630 id
450 4571 506 4630 est
524 4557 685 4654 quinque
704 4558 846 4631 numeri
865 4559 1047 4653 quadrati,
1067 4583 1223 4654 quorum

177 4698 273 4751 von.
292 4698 332 4749 v.
1095 4699 1122 4749 n
