2656 5136
247 652 324 720 206
475 662 696 719 autunum
714 665 766 718 nr
784 663 1070 719 nnonnuuara

61 856 130 898 cae·
146 857 201 898 xn.
245 835 357 924 salsis,
376 846 443 908 aut
472 835 665 932 ambiguis,
682 859 729 909 ex
754 834 889 932 quibus
916 834 1010 909 certi
1040 831 1177 908 deduci
1202 830 1281 905 nihil

60 925 205 1017 Wadi
245 960 381 1045 potest.
446 948 532 1023 Hoc
564 949 664 1024 idem
697 958 894 1023 senserunt
934 950 1048 1023 etiam
1086 946 1281 1045 philosophi

247 1061 377 1151 Graeci,
395 1085 481 1134 cum
499 1062 662 1136 scientiae
678 1062 765 1137 huic
790 1063 1049 1159 imposuerunt
1064 1084 1203 1135 nomen
1217 1084 1282 1133 no·

246 1176 465 1265 tbematicae,
484 1177 530 1249 ab
561 1176 763 1250 intellectu.
820 1175 919 1251 Nam
945 1175 1071 1272 vulgo,
1102 1197 1190 1249 cum
1214 1175 1282 1271 quis

246 1288 359 1362 alium
376 1288 558 1363 allocutus
582 1288 769 1363 dubitaret
792 1311 843 1362 an
865 1286 1144 1386 intelligeretur
1168 1310 1282 1373 necue,

243 1403 496 1499 interrogabat
510 1403 581 1477 boc
597 1403 722 1491 modo,
736 1419 911 1498 partem„
928 1402 990 1475 cui
1001 1399 1283 1497 respondebatur

244 1529 379 1606 poetro
394 1515 453 1589 vel
479 1533 512 1588 ot
530 1531 682 1608 partam:
707 1515 761 1590 ita
781 1515 950 1590 naturale
966 1525 1050 1587 crat
1067 1512 1284 1587 mathemati·

246 1652 328 1701 cam
355 1628 593 1702 denominare
610 1629 658 1701 ab
673 1628 878 1703 intellectu.
930 1628 1054 1702 Causa
1068 1626 1283 1701 fallaciarum

246 1742 364 1815 altera
379 1753 447 1830 est,
465 1742 639 1838 ignorare
656 1741 747 1838 quid
777 1742 828 1815 sit
854 1748 974 1814 motus
994 1752 1036 1815 et
1051 1739 1283 1837 proprietates

245 1857 349 1951 ejus:
375 1855 414 1928 id
432 1868 501 1944 est,
515 1853 689 1950 ignorare
705 1855 872 1928 omnium
884 1876 1010 1928 rerum
1024 1876 1180 1927 causam
1194 1862 1283 1925 mtu-

244 1969 360 2042 ralem
383 1967 645 2042 immediatam.
698 1968 877 2042 Fallaciae
904 1966 987 2043 illas
1013 1978 1129 2041 notas
1147 1964 1283 2062 quasin

244 2082 426 2156 Elcnclris
455 2093 650 2156 enumerat
677 2082 911 2172 Aristoteles,
941 2080 1079 2178 quibus
1108 2080 1174 2154 vix
1205 2096 1283 2177 puer

245 2194 366 2292 decipi
395 2205 530 2291 potest,
556 2194 814 2290 praetermitto.
865 2194 938 2268 Pro
965 2192 1131 2267 maxima
1150 2212 1283 2288 geome-

244 2307 326 2382 triae
343 2308 504 2404 pernicie
521 2330 668 2396 accuso,
678 2308 811 2404 primo,
826 2306 965 2380 lineum
981 2306 1067 2380 rinc
1083 2304 1281 2389 Iamdiu,

245 2444 325 2494 rem
342 2421 675 2517 inconceptibilem.
722 2420 907 2509 Secundo,
925 2441 993 2515 pro
1009 2418 1139 2493 radice
1155 2415 1282 2492 numeri

246 2536 478 2630 suppositum
510 2536 640 2630 figurae
671 2534 861 2631 quadratae
895 2533 1003 2606 latus.
1055 2532 1198 2621 Tertio,
1221 2550 1282 2604 nou

247 2647 474 2721 intellectam
514 2658 684 2720 naturam
723 2647 889 2720 rationis.
956 2646 1116 2735 Quarto,
1152 2666 1282 2719 omnem

247 2761 383 2834 infiniti
418 2760 763 2851 considerationem,
797 2772 878 2834 tum
913 2757 1183 2855 geometricam
1217 2771 1282 2832 tum

246 2876 533 2949 arithmeticam.

297 2989 424 3084 Atque
442 2988 503 3061 hic
520 2989 632 3060 finem
649 2987 822 3075 facerem,
836 2987 908 3060 nisi
924 2985 1057 3059 fuisset
1071 2986 1138 3082 qui
1152 2985 1282 3058 demon·

246 3103 355 3175 strari
384 3101 495 3174 etiam
512 3123 619 3196 posse
637 3124 683 3173 ea
707 3101 860 3188 diceret,
879 3123 962 3195 quae
984 3121 1064 3172 uon
1090 3097 1282 3195 intelligibi-

246 3216 307 3303 lia,
321 3238 442 3311 neque
454 3213 697 3310 explicabilia,
707 3236 828 3310 neque
841 3210 1191 3309 comprehensibilia
1201 3221 1283 3285 suut

247 3328 292 3403 ld
310 3329 411 3425 quod
427 3340 486 3401 cst
502 3326 673 3400 scientias
690 3350 819 3400 omnes
835 3326 928 3399 nihil
945 3348 1026 3399 esse
1039 3325 1177 3400 dicere„
1224 3323 1283 3397 Ni·

247 3441 315 3530 tit,
346 3441 477 3537 inquit,
507 3439 633 3511 estin
666 3449 805 3512 nutura
838 3461 965 3511 rerum
997 3439 1127 3532 magis
1160 3438 1284 3511 obtin

248 3578 356 3650 prtum
372 3552 564 3651 quantitas
581 3551 763 3639 continuo,
777 3559 815 3623 et
835 3560 953 3624 motus
976 3548 1125 3624 localis.
1178 3553 1285 3648 Atqu

246 3667 328 3741 baec
346 3677 409 3739 aut
427 3678 515 3738 sunt
531 3677 597 3738 aut
613 3688 688 3736 non
707 3663 850 3737 suntin
877 3662 1064 3735 infinitum
1092 3663 1284 3738 divisibilia

248 3780 480 3875 Disjunctiva
505 3778 585 3852 baec
602 3788 773 3873 potestne
796 3775 948 3873 negari?
1002 3775 1217 3866 Diceturne,
1231 3798 1285 3849 nc-

248 3917 320 3989 que
338 3916 417 3966 esse
434 3915 555 3989 neque
572 3916 648 3965 nou
661 3915 741 3965 esse
759 3891 812 3964 sic
829 3886 1057 3963 divisibilia?
1094 3890 1217 3987 Eligat
1231 3886 1285 3963 ali

249 4007 332 4103 quis
348 4007 554 4079 membrum
571 4007 650 4102 ejus
666 4015 791 4078 utrum
809 4003 912 4092 velit,
930 4002 1086 4076 tolletne
1104 4002 1286 4078 difficulta-

247 4134 306 4194 tes
334 4143 417 4216 quae
444 4119 483 4193 in
513 4142 558 4192 eo
587 4120 727 4207 insunt,
757 4128 824 4190 aut
853 4115 1127 4212 objectionibus
1149 4115 1286 4214 quaeiu

249 4233 478 4308 contrarium
495 4233 576 4305 fieri
594 4241 750 4329 possunt
767 4227 1031 4327 respondebit?

300 4347 533 4423 Quaestiones
546 4345 634 4419 licet
652 4346 737 4434 sint,
747 4344 823 4417 vim
833 4354 958 4416 tamen
976 4342 1117 4417 habent
1133 4340 1287 4417 hocloco

248 4462 500 4559 negationum.
543 4458 705 4554 Objiciat
721 4480 810 4553 ergo
828 4455 1173 4530 difficultatessuas.
1204 4455 1288 4529 Rem

249 4600 320 4674 ego
338 4577 455 4674 ipsam
473 4571 676 4671 explicabo,
694 4593 839 4669 nempe,
865 4566 906 4644 id
922 4569 1044 4669 ipsum
1060 4568 1163 4669 quod
1182 4568 1288 4664 scrip
