2656 5136
202 660 274 729 394
621 675 821 729 ursronm

246 841 389 908 Fortiter
403 840 528 918 murari,
543 862 616 908 eum
636 841 819 908 Mabomete
834 856 909 918 su03

204 942 308 1027 Inque
323 941 390 1006 dies
404 963 558 1018 crescens,
575 941 684 1006 Turco
697 941 788 1019 duce,
803 942 932 1007 tandem
949 940 1109 1010 Orientis

250 1040 389 1108 Sustulit
404 1040 573 1126 imperium
588 1040 849 1127 (letholicamque
865 1041 992 1108 Fidem.

204 1140 346 1205 Haeresis
361 1139 484 1206 interea
497 1139 629 1226 longum
643 1140 759 1206 lassata
773 1140 897 1224 quievit

247 1239 399 1304 Partibus
414 1238 575 1316 occiduis,
591 1249 664 1325 post
679 1240 815 1307 valitura
829 1252 948 1307 tamen.

206 1337 269 1405 Sed
285 1349 443 1422 quantum
458 1337 557 1424 Papae
571 1337 718 1404 derasum
732 1349 782 1405 est
796 1339 941 1425 partibus
955 1339 1034 1417 illis,

248 1437 399 1502 Partibus
413 1436 463 1502 his
478 1446 570 1502 tauto
583 1436 695 1502 durius
708 1437 864 1504 incubuit
1184 1445 1269 1507 1690

204 1537 255 1602 Ut
270 1537 389 1602 ferrum
404 1536 551 1614 caudens,
567 1537 710 1602 subitum
724 1536 752 1602 si
767 1537 869 1624 frigus
884 1539 925 1604 ab
939 1561 1008 1604 una

249 1634 357 1701 Sensit
370 1652 471 1721 parte,
487 1635 588 1722 magis
604 1635 708 1702 fervet
722 1637 763 1701 ab
778 1636 944 1722 opposita:

206 1734 260 1801 Sic
275 1757 404 1820 quoque
418 1746 550 1800 conatus
565 1734 725 1821 Paporum
741 1735 874 1803 Oriente
888 1736 1020 1823 repulsi,

247 1833 399 1899 Partibus
415 1833 566 1900 Occiduis
580 1834 744 1901 invaluere
757 1835 867 1922 magis.

205 1932 302 1999 Credi
317 1956 455 2018 namque
465 1934 583 2019 jubent
597 1932 666 1999 lieri
681 1933 833 2001 miracula
847 1936 886 1999 ab
901 1933 975 2013 illis,

248 2033 395 2114 Quorum
410 2042 487 2097 suut
501 2032 551 2097 usi
565 2032 769 2119 simplicitate
784 2033 897 2103 virum.

206 2131 270 2198 Sed
285 2155 350 2197 non
365 2142 439 2199 ante
454 2131 589 2210 obitum,
604 2154 664 2199 neo
679 2143 761 2220 post,
776 2133 838 2198 nisi
852 2144 997 2219 tempore
1011 2131 1127 2221 longo.

248 2231 283 2295 N
284 2255 325 2297 on
341 2232 463 2318 petitur
477 2254 614 2317 presens
628 2232 704 2299 ficto
718 2233 822 2298 velere
836 2232 913 2298 dies.

205 2330 281 2397 Non
297 2341 347 2396 tot
364 2331 524 2397 Moeonius
538 2331 680 2397 narravit
694 2343 836 2399 monstra
850 2341 953 2417 poete,

249 2429 340 2511 Quot
353 2429 471 2515 populo
487 2428 609 2496 Christi
625 2429 715 2515 Papa
729 2430 863 2516 legenda
876 2430 974 2496 dedit.
1184 2440 1269 2503 1700

205 2531 270 2594 Sec.
294 2527 427 2593 Nicenae
442 2527 535 2592 Fidei
546 2529 732 2614 subscripsit
746 2529 924 2615 Episcopus
939 2553 1035 2607 unus,

250 2627 316 2709 Qui
331 2628 435 2713 poulo,
451 2637 489 2691 ut
504 2627 625 2704 dicunt,
640 2639 785 2694 mortuus
801 2640 875 2694 ante
890 2629 962 2694 suit

204 2726 356 2810 Namque
372 2727 485 2792 Patres
501 2727 569 2812 ipso
584 2739 758 2812 posuerunt
774 2730 862 2794 Acta
876 2728 1056 2814 sepulchro,

249 2826 387 2892 Orontes
402 2829 515 2893 subtus
531 2828 666 2892 scribere
681 2838 719 2891 ut
734 2827 787 2893 ille
802 2829 888 2893 velit

205 2924 387 2991 Discessere
401 2926 477 2991 boni
493 2925 617 3001 Patres,
633 2949 773 3010 saxoque
789 2938 915 3013 reposto

249 3025 347 3093 Cauti
361 3026 452 3112 sigua
466 3048 577 3090 omnes
591 3025 770 3111 applicuere
785 3049 852 3091 sua.

205 3125 366 3192 Postridie
381 3126 526 3201 redeunt,
542 3125 757 3210 subscriptum
773 3148 888 3190 nomen
904 3135 937 3189 et
953 3125 1050 3190 Actis

249 3225 445 3291 Inveniuut:
469 3223 621 3311 gaudent,
638 3225 907 3309 magnificantque
923 3223 1041 3288 Deum.

204 3327 265 3390 Pr.
290 3324 409 3389 Audiit
423 3325 483 3390 hoc
498 3324 594 3389 etiam
609 3347 665 3389 rex
683 3323 935 3389 Constantinus?
960 3325 1016 3387 An
1032 3324 1152 3410 iugens

248 3424 443 3489 Miraculum
459 3424 544 3492 solus
558 3424 673 3488 nesciit
688 3424 742 3488 ille
759 3424 845 3488 Dei?
1179 3430 1265 3492 1710

205 3526 269 3589 Sec.
293 3523 328 3587 N
329 3524 420 3589 esci0.
445 3526 505 3588 Pr.
522 3522 576 3589 Ne
592 3523 709 3589 credas.
734 3522 802 3590 Cur
817 3546 881 3587 non
896 3530 1035 3587 testatus
1051 3533 1086 3588 et
1102 3524 1175 3610 ipse
1188 3537 1240 3592 cst

249 3624 330 3688 Rem
345 3634 475 3700 certam,
491 3634 529 3688 ut
544 3634 650 3708 posset¹
665 3633 752 3689 certa
767 3623 872 3688 valere
887 3621 974 3686 fides.

208 3721 271 3789 Sed
286 3746 345 3787 nec
360 3746 426 3787 rem
441 3723 524 3788 vidit
538 3722 694 3808 princeps,
710 3744 768 3787 uec
784 3722 815 3785 id
831 3721 932 3786 audiit
947 3743 1113 3806 unquam:

248 3821 356 3886 Multo
371 3821 527 3907 posterius
543 3821 651 3886 sabula
666 3821 741 3886 ficto
755 3821 826 3884 fuit„

203 3920 291 3985 Dein
307 3920 392 4004 quod
408 3919 571 3984 daemoniis
587 3919 720 3984 infernis
735 3919 974 4004 imperitareut;

247 4020 298 4105 (N
299 4019 403 4084 omine
418 4043 491 4084 nam
507 4019 643 4104 populus
659 4030 783 4103 spectra
798 4021 931 4084 vocabat
946 4018 1021 4103 co);

207 4118 366 4204 Quodque
380 4119 457 4184 locis
472 4119 567 4183 sacris
583 4118 653 4182 illos
668 4119 826 4204 expellere
841 4117 960 4203 epodis¹

248 4218 394 4295 Possem,
411 4217 560 4302 possessis
575 4217 823 4302 corporibusque
839 4216 1023 4291 homiuum3

204 4317 347 4402 (Cuncta
361 4317 529 4383 videbatur
545 4316 621 4400 quia
635 4327 764 4382 sanctus
777 4317 856 4381 scirc
873 4315 1044 4400 Sacerdos)
1056 4339 1065 4390 ;

251 4418 400 4501 Antiqua
414 4416 525 4481 didicit
536 4415 663 4482 credere
679 4418 774 4480 turba
789 4417 859 4480 fide.
1180 4420 1263 4482 1720

959 4551 968 4556 .
980 4552 1260 4560 ..ψ-.-

567 4613 573 4643 ¹
595 4614 673 4687 [Vide
687 4612 889 4679 Geosssuu‘u]
