2656 5136
80 608 153 675 258
457 619 742 674 ononcnrouns

12 813 41 854 ιο
80 788 180 862 aliud
198 789 247 862 sit
263 812 373 885 quam
397 786 583 883 copulatio
599 797 638 859 et
656 785 913 859 concatenatio
932 787 1124 859 nominum

81 902 157 975 sive
187 900 475 997 appellationum
504 923 571 997 per
596 901 749 973 verbum
774 899 846 972 hoc
874 903 963 972 ert?
1016 899 1125 972 Unde

80 1014 286 1110 colligimus
313 1016 456 1088 ratione
484 1014 577 1087 nihil
603 1014 753 1088 omnino
774 1013 820 1085 de
837 1026 972 1086 natura
988 1037 1124 1101 rerum,

81 1128 147 1201 sed
164 1126 352 1201 decorum
368 1127 695 1225 appellationibus:
720 1126 905 1215 nimimm,
922 1139 1047 1199 utrum
1066 1151 1125 1200 co·

80 1243 248 1339 pulemus
266 1267 391 1316 rerum
408 1243 561 1317 nomina
576 1241 779 1316 secundum
795 1254 917 1338 pacta,
932 1265 1015 1337 quae
1031 1243 1125 1315 arbi·

79 1356 153 1429 trio
184 1369 312 1430 nostro
338 1355 492 1430 fecimm
517 1356 618 1430 circa
641 1356 804 1452 ipsarum
827 1355 1125 1451 significationes

80 1468 139 1541 vel
155 1493 244 1542 non.
297 1468 338 1541 Si
358 1469 430 1543 hoc
455 1469 515 1559 sit,
533 1469 629 1542 sicot
645 1491 725 1541 esse
740 1478 874 1564 potest,
892 1468 1126 1543 ratiocinatio

81 1583 305 1680 dependebit
315 1583 569 1674 anominibus,
580 1582 730 1656 nomina
742 1583 789 1655 ab
803 1581 1078 1677 imaginatione,
1089 1594 1128 1654 et

82 1698 296 1793 imaginatio
323 1696 432 1786 forte,
449 1696 545 1770 sicut
567 1697 699 1785 sentio,
725 1696 772 1768 ab
798 1718 1021 1791 organorum
1044 1719 1128 1768 cor-

81 1834 278 1907 poreorum
295 1821 421 1884 motu:
448 1809 556 1883 etsie
576 1831 681 1883 mens
708 1808 800 1882 nihil
827 1808 928 1883 aliud
945 1810 1015 1883 erit
1032 1832 1127 1906 prae-

81 1934 251 2021 terquam
285 1935 407 1997 motus
440 1923 480 1995 in
512 1922 680 2019 partibus
709 1921 928 2018 quibusdam
962 1925 1128 2020 corporis

82 2036 259 2134 organici.

480 2233 729 2285 Ruseonslo.

132 2361 390 2435 Differentiam
402 2362 500 2435 inter
509 2361 814 2458 imaginationem
829 2373 866 2435 et
879 2385 981 2457 purae
994 2363 1128 2435 mentis

82 2486 303 2570 conceptum
321 2474 382 2548 hic
401 2474 581 2570 explicui:
609 2474 707 2547 utin
725 2475 893 2570 exemplo
908 2499 1127 2548 enumerans

81 2612 248 2683 quaenam
274 2589 404 2661 sintin
422 2611 508 2662 cera
524 2612 604 2683 quae
627 2589 883 2683 imaginamur,
903 2602 940 2660 et
958 2612 1127 2683 quaenam

83 2724 166 2795 quae
184 2701 262 2774 sola
279 2713 403 2774 mente
427 2701 664 2796 concipimus.
719 2700 793 2773 Sed
809 2712 847 2773 et
863 2702 951 2774 alibi
969 2703 1128 2797 explicui

82 2838 155 2909 quo
182 2824 290 2910 pacto
323 2838 437 2886 unam
462 2825 501 2886 et
526 2812 681 2886 eandem
707 2837 798 2902 rem,
826 2825 917 2909 puta
949 2826 1128 2909 pentago-

81 2950 183 3013 num,
195 2926 301 3001 aliter
318 2927 567 3024 intelligamus
585 2940 623 3000 et
640 2926 748 3000 aliter
766 2926 1018 3021 imaginemur.
1062 2930 1129 3000 Est

83 3051 208 3112 autem
236 3040 275 3113 in
301 3040 584 3114 ratiocinatione
610 3040 807 3136 copulatio,
826 3064 900 3112 non
925 3040 1128 3129 nominum,

83 3152 148 3226 sed
182 3176 305 3226 rerum
338 3153 549 3226 nominibus
583 3153 897 3249 significatarum:
941 3152 1128 3247 mirorque

83 3266 193 3339 alicui
217 3266 444 3339 contrarium
463 3267 587 3338 venire
614 3266 780 3361 possein
807 3278 981 3337 mentem.
1036 3266 1129 3338 Quis

83 3379 181 3452 enim
194 3379 350 3468 dubitat,
366 3379 454 3475 quin
468 3380 593 3453 Gallus
606 3390 645 3452 et
659 3380 862 3452 Germanus
877 3379 1004 3450 eadem
1020 3378 1128 3473 plane

83 3492 213 3565 iisdem
248 3490 295 3564 de
328 3492 438 3565 rebus
467 3492 608 3587 possint
638 3491 863 3579 ratiocinari,
891 3515 976 3563 cum
1005 3504 1129 3564 tamen

83 3605 195 3678 verba
212 3604 425 3700 concipiant
442 3603 551 3701 plane
566 3604 739 3677 diversa?
765 3605 813 3676 Et
830 3605 998 3699 nunquid
1014 3606 1128 3700 philo-

84 3718 221 3812 sophus
240 3717 401 3813 seipsum
418 3717 652 3806 condemnat,
667 3741 751 3792 cum
768 3718 931 3813 loquitur
949 3718 993 3791 de
1011 3720 1130 3814 pactis

83 3851 165 3925 quae
182 3829 335 3902 arbitrio
359 3843 486 3903 nostro
515 3830 670 3903 fecimus
688 3831 787 3903 circa
803 3832 1000 3904 verborum
1018 3833 1131 3928 signi-

82 3942 298 4015 ficationes?
352 3943 391 4015 Si
421 3944 519 4016 enim
547 3942 711 4016 admittit
738 3944 876 4039 aliquid
902 3945 1024 4017 verbis
1055 3947 1130 4043 sig-

83 4055 237 4143 nificari,
255 4079 368 4150 quare
385 4080 460 4129 non
478 4057 556 4131 vult
574 4057 873 4131 ratiocinationes
887 4072 1032 4131 nostras
1050 4084 1129 4132 esse

83 4168 218 4242 dehoc
236 4169 398 4264 aliquid*
417 4169 517 4266 quod
534 4170 776 4266 significatur,
794 4172 916 4266 potius
945 4197 1055 4268 quam
1083 4174 1129 4245 de

84 4281 172 4356 solis
189 4283 336 4356 verbis?
387 4285 443 4357 Ao
468 4297 569 4357 certe
595 4285 725 4358 eodem
747 4288 830 4381 jure
849 4310 921 4381 quo
941 4287 1129 4359 concludit

560 4548 578 4585 ¹
594 4547 652 4609 Sic.
