2656 5136
152 617 224 684 334
414 634 468 685 ns
495 633 777 687 annueremus
805 632 938 685 ancer.

151 793 296 861 Territat
309 796 441 861 arrectis
448 797 519 881 jam
532 806 654 863 stantes
667 797 799 864 auribus
811 800 942 864 umbras

151 892 295 972 Tertius,
310 904 410 979 atque
423 894 520 961 minis
534 907 670 981 quartus
683 897 901 985 proprioribus
916 897 1017 964 ictus.

153 991 242 1075 Quid
255 995 387 1059 moror?
430 993 572 1061 Uudeuo
585 994 765 1063 dentatum¹
779 1006 896 1084 guttur
910 996 1049 1063 Averni

151 1091 299 1159 Verbere
312 1093 391 1159 dum
404 1093 532 1171 musit,
546 1118 581 1161 se
595 1104 630 1161 et
642 1106 725 1163 tuuc
736 1095 819 1183 lapis
831 1096 880 1163 ire
892 1108 1057 1165 susurrat

63 1202 127 1263 300
151 1191 233 1258 Post
247 1192 280 1258 id
295 1192 452 1277 quicquid
464 1192 550 1260 iners
563 1216 619 1261 aer
631 1194 689 1261 vix
702 1194 833 1263 auribus
846 1194 964 1275 adfert,

152 1291 188 1356 N
188 1314 230 1357 on
245 1315 342 1357 sonus
356 1302 415 1368 est,
431 1292 487 1358 sed
500 1292 607 1380 imago
620 1294 700 1360 soni.
747 1294 856 1362 Vento
869 1318 972 1382 ocyus
993 1298 1129 1365 umboe

151 1390 351 1478 Diffugiunt,
366 1390 532 1477 Erebique
546 1392 615 1479 tegi
629 1395 689 1459 sub
703 1393 825 1460 fornice
839 1404 976 1460 certant

151 1489 283 1556 Interea
296 1490 438 1555 infernas
452 1491 611 1577 percurrit
629 1490 665 1556 iu
679 1492 790 1558 ordine
804 1492 944 1579 spbaeras

150 1588 358 1655 Descendens
371 1588 471 1656 tacite
484 1612 606 1655 saxum.
652 1590 803 1658 confinia
817 1592 906 1658 Ditis

151 1688 313 1776 Attingit,
328 1689 442 1756 vacua¹
456 1690 638 1776 evertitque
652 1691 763 1757 sedilia
777 1691 913 1758 Patrum
929 1715 939 1756 ε

151 1786 234 1854 Inde
248 1811 306 1875 per
319 1788 482 1855 intensum
497 1789 653 1855 festinem
667 1790 787 1857 labitur
800 1790 922 1879 ignem³

153 1884 401 1973 candentesque
415 1888 536 1954 animas
552 1888 755 1972 (tubulorum
769 1912 858 1956 more
871 1899 1018 1956 recoctus

152 1985 328 2065 Fictilium
346 2011 436 2073 quos,
452 1988 639 2055 transmissa
652 1989 798 2077 fuligine,
812 1988 943 2077 pinguis

153 2085 273 2153 Infecit
287 2088 354 2173 peti
368 2086 494 2173 fumus)
506 2086 650 2173 coeloque
664 2088 822 2166 locandas,

63 2200 129 2261 310
153 2185 385 2271 Infantumque
399 2187 509 2254 semel⁴
524 2199 674 2254 natorum
688 2187 834 2275 pervolat
847 2185 980 2253 orbem‘.

152 2284 294 2371 (luscius
308 2285 447 2365 admissi,
462 2285 568 2373 poena⁶
583 2286 645 2352 luit
659 2287 779 2353 inscius
793 2284 926 2371 infans)

153 2384 280 2451 Ultima
294 2393 365 2449 tum
380 2384 519 2462 subiens,
534 2384 730 2471 infandaque
746 2385 892 2462 Tartaru,
907 2394 1064 2451 centrum

153 2481 296 2561 Transit,
312 2484 362 2569 (at
375 2483 537 2549 haesurum
552 2484 740 2569 promiserat
753 2482 946 2550 Euteleebiu⁷

153 2582 322 2649 Credenda
335 2585 448 2650 umbra
462 2585 594 2670 tamen),
609 2584 810 2669 fundumque
825 2583 968 2649 ascendit
982 2584 1026 2649 ad
1042 2586 1166 2653 imum.

152 2682 200 2748 Et
214 2683 350 2748 redeunt
363 2682 481 2768 trepidi
493 2682 618 2760 Manes,
634 2683 793 2748 residente
808 2682 930 2758 favilla3

154 2781 245 2864 Quos
259 2782 344 2847 inter
358 2782 461 2858 timet,
477 2791 511 2847 et
525 2782 589 2847 fert
605 2805 689 2847 nnus
706 2781 863 2869 Sysiphus
877 2805 964 2868 aegre

154 2880 350 2948 Successisse
365 2904 423 2946 suo
437 2881 576 2967 graviori
592 2880 731 2967 pondere
747 2905 868 2947 saxum.

152 2980 272 3046 Fertur
286 2981 326 3047 ad
340 2980 400 3047 hoc
414 2991 544 3046 antrum
559 2981 683 3047 venisse
698 2981 883 3048 Lecestrius
896 2979 992 3044 heros

152 3081 321 3158 Dudleius‚
336 3090 431 3146 notus
448 3078 564 3146 Comes
579 3080 606 3146 is
620 3081 785 3166 regnantis
800 3080 910 3145 Elizae.

62 3200 128 3260 320
152 3178 214 3246 Ille
228 3180 356 3266 inopem
371 3178 531 3264 quendam
545 3201 644 3265 parvo
658 3178 719 3263 (sic
734 3178 907 3261 credimus)
921 3198 984 3240 aere

153 3276 369 3356 Conductum,
385 3290 419 3345 et
432 3280 529 3365 longo
544 3278 741 3345 succinctum
757 3290 886 3365 pectora
900 3276 1001 3352 fune;

151 3377 351 3445 Instructam
366 3388 470 3455 conto,
487 3377 638 3443 Pellaeam
653 3377 800 3444 imitante
815 3377 970 3451 emissam,

151 3478 393 3565 Exploratores⁸
408 3477 608 3563 cophinoque
624 3478 746 3543 ferente
762 3478 895 3564 lapillos,

151 3577 290 3642 Demitti
304 3588 338 3643 et
351 3577 456 3642 media
464 3577 562 3662 jussit
576 3577 713 3664 pendere
731 3599 882 3651 caverna3

153 3675 234 3742 Inde
245 3678 310 3762 jaci
325 3677 456 3763 lapides,
472 3686 570 3761 atque
584 3678 715 3744 auribus
729 3701 802 3743 aera
817 3676 924 3764 pronis

153 3774 295 3861 Captari,
311 3776 385 3841 inde
399 3798 512 3840 cavum
529 3776 659 3862 propius
674 3776 846 3841 scmtarier
860 3776 972 3840 altum.

152 3874 357 3940 Descendens
372 3873 485 3960 pavide
499 3875 604 3952 miser,
620 3898 708 3940 nunc
722 3875 888 3941 desilientc
902 3873 1013 3959 lapillo

154 3970 301 4038 Calculat
315 3972 504 4037 immensum
519 3975 667 4059 spatium,
683 3986 895 4058 numeratque
910 3983 992 4056 quot
1006 3973 1098 4042 ictus

188 4225 195 4253 ¹
211 4225 315 4278 Exertis
325 4227 447 4279 cautibus
458 4244 586 4297 asperum.
727 4232 737 4258 ³
757 4230 887 4282 limbum.

186 4303 281 4361 ⁹Nam
301 4309 400 4362 limbus
423 4318 527 4379 patrum
546 4312 654 4381 jamdu-
724 4312 804 4382 ‘[Sic
817 4312 879 4368 edit.
897 4314 966 4363 1636
978 4322 1004 4365 et
1020 4316 1116 4385 1678]

151 4393 214 4447 dum
228 4411 335 4447 vacuus.
725 4400 733 4426 ⁷
748 4396 849 4448 Umbra
862 4396 1016 4448 Aristotelia

185 4477 195 4505 ⁸
207 4476 400 4549 Purgatorium.
724 4480 734 4504 ⁹
746 4479 852 4541 Quibus
861 4478 1044 4534 decidentibus
1052 4484 1213 4554 exploraret

185 4562 194 4589 ⁴
207 4560 267 4615 Non
280 4570 499 4632 regeneratorum.
686 4561 766 4616 foveae
775 4562 948 4617 altitudinem.
