2656 5136
58 601 133 667 254
436 617 722 671 OBJBC'HONES

6 815 12 841 ·
58 784 113 857 tia
128 782 251 878 hujus,
268 805 314 855 ex
330 804 376 856 eo
393 783 493 880 quod
515 805 591 857 non
606 783 788 879 possimus
815 805 985 879 separare
1003 783 1105 878 cogi-

56 898 238 970 tationem
256 921 279 970 a
296 897 453 971 materia
469 897 681 993 cogitante:
708 895 856 969 videtur
872 897 1104 969 inferendum

55 1011 179 1106 potius
202 1033 282 1084 rem
299 1010 526 1107 cogitantem
550 1033 632 1085 esse
653 1009 882 1084 materialem
899 1034 1010 1106 quam
1035 1011 1103 1084 im-

55 1124 297 1199 materialem.

454 1330 704 1385 RESPONSIO.

107 1462 182 1536 Ubi
201 1462 289 1549 dixi,
300 1462 368 1536 hoc
384 1471 443 1536 est
458 1485 571 1552 merra,
585 1461 741 1549 animus,
753 1459 974 1549 intellectus,
988 1460 1101 1551 ratio,

53 1585 139 1664 etc,
156 1599 233 1650 non
251 1577 415 1650 intellexi
441 1599 508 1674 per
525 1577 597 1650 ista
612 1575 763 1649 nomina
780 1575 876 1648 solas
892 1574 1100 1663 facultates,

52 1689 117 1763 sed
138 1714 197 1765 res
223 1691 401 1764 facultate
428 1688 616 1784 cogitandi
645 1687 840 1785 praeditasz
864 1700 909 1761 nt
930 1712 997 1785 per
1025 1688 1099 1762 duo

52 1805 178 1900 priora
203 1804 314 1900 vulgo
339 1802 560 1900 intelligitur
586 1802 634 1876 ab
662 1800 844 1891 omnibus,
862 1813 899 1874 et
928 1824 995 1898 per
1026 1800 1099 1875 duo

51 1917 258 2012 posteriora
273 1917 504 2013 frequenter:
521 1915 665 2014 hocque
682 1927 761 1987 tam
773 1937 956 2010 expresse,
971 1927 1099 2011 totque

51 2029 90 2103 in
108 2030 200 2103 locis
217 2030 388 2127 explicui,
406 2042 450 2106 nt
464 2029 587 2104 nullus
598 2028 767 2103 videatur
783 2028 894 2102 fuisse
905 2028 1099 2102 dubitandi

53 2142 169 2216 locus.

101 2256 233 2353 Neque
250 2255 311 2328 hic
329 2266 386 2330 est
402 2255 541 2353 paritas
556 2255 654 2330 inter
673 2255 960 2329 ambulationem
978 2266 1016 2328 et
1038 2280 1098 2329 co·

49 2369 294 2465 gitationem:
322 2370 410 2465 quia
425 2367 627 2442 ambulatio
643 2369 738 2442 sumi
756 2381 901 2441 tantum
920 2368 1012 2440 solet
1028 2392 1096 2463 pro

49 2481 196 2555 actione
215 2482 306 2577 ipsa,
325 2482 501 2576 cogitatio
519 2480 704 2553 interdum
723 2504 791 2576 pro
808 2481 965 2567 actione,
985 2482 1097 2554 inter-

49 2593 137 2667 dum
154 2619 223 2692 pro
240 2595 429 2685 facultate,
448 2595 634 2668 interdum
652 2620 719 2691 pro
737 2619 778 2668 re
803 2595 841 2668 in
868 2620 941 2691 qua
959 2609 1015 2667 est
1042 2596 1096 2668 fa-

49 2706 179 2780 cultas.

99 2819 179 2893 Nec
205 2817 288 2894 dico
306 2819 405 2893 idem
422 2844 502 2893 esse
530 2844 609 2894 rem
637 2821 906 2916 intelligentem
924 2832 962 2893 et
988 2821 1095 2893 intel-

47 2933 267 3007 lectionem:
294 2957 364 3006 nec
382 2933 530 3029 quidem
549 2957 627 3006 rem
646 2935 915 3030 intelligentem
935 2948 972 3007 et
989 2936 1094 3007 intel·

46 3045 197 3135 lectum,
232 3047 264 3121 si
305 3061 472 3121 sumatur
513 3071 580 3143 pro
621 3047 810 3136 facultate,
845 3048 909 3121 sed
951 3062 1094 3120 tantum

48 3162 195 3258 quando
213 3162 372 3235 sumitur
389 3186 456 3257 pro
476 3185 515 3234 re
533 3162 613 3259 ipsa
631 3186 713 3259 quae
731 3162 916 3257 intelligit.
961 3163 1094 3232 Fateor

46 3286 171 3347 autem
188 3273 287 3348 ultro
307 3299 364 3346 me
379 3274 427 3348 ad
444 3299 522 3347 rem
540 3275 615 3348 sive
633 3276 888 3363 substantiam,
904 3298 1014 3369 quam
1032 3298 1092 3344 vo-

45 3387 167 3461 lebam
184 3411 319 3461 exuere
338 3387 507 3461 omnibus
526 3388 570 3461 iis
587 3412 669 3483 quae
687 3387 733 3460 ad
752 3388 869 3482 ipsam
887 3410 962 3459 nou
980 3387 1092 3481 perti-

44 3513 147 3591 nent,
166 3500 456 3598 significandam,
470 3525 578 3574 usum
596 3501 706 3574 fuisse
724 3501 844 3573 verbis
863 3524 972 3595 quam
990 3524 1092 3571 max-

45 3613 118 3687 ime
148 3617 253 3710 potui
287 3614 502 3688 abstractis:
528 3628 571 3687 ut
597 3627 736 3702 contra,
764 3613 825 3685 hic
853 3613 1091 3708 philosophus

45 3727 162 3801 utitur
174 3729 325 3802 vocibus
343 3751 452 3823 quam
471 3728 629 3799 maxime
648 3727 839 3813 concretis,
857 3751 989 3823 nempe
1007 3725 1091 3798 aab·

35 3840 147 3934 jacti,
165 3841 346 3930 materia,
365 3853 403 3914 et
420 3840 603 3937 corporis,
622 3839 669 3912 ad
696 3841 806 3912 istam
827 3863 905 3913 rem
924 3841 1091 3935 cogitan-

43 3965 119 4026 tem
150 3953 441 4051 significandam,
471 3977 519 4026 ne
547 3955 708 4050 patiatur
738 3952 854 4049 ipsam
884 3979 907 4026 a
936 3979 1090 4050 corpore

45 4066 181 4142 divelli.

94 4182 176 4255 Nec
193 4205 322 4255 vereor
340 4205 387 4255 ne
400 4181 460 4255 cui
473 4178 643 4253 videatur
660 4180 729 4252 iste
746 4182 824 4275 ejus
839 4180 968 4253 modus
983 4181 1089 4276 plura

43 4295 153 4369 simul
180 4294 429 4391 conjungendi
456 4293 578 4389 aptior
604 4292 652 4365 ad
677 4294 871 4366 veritatem
899 4295 1087 4366 invenien-

43 4409 141 4498 dam,
152 4433 263 4506 quam
276 4432 392 4496 meus,
403 4432 476 4504 quo
490 4407 634 4502 singula
646 4431 755 4505 quam
769 4408 927 4480 maxime
939 4432 1086 4502 possum

42 4521 242 4619 distinguo.
296 4521 369 4596 Sed
390 4522 604 4596 omittamus
622 4523 745 4612 verba,
760 4521 952 4618 loquamur
971 4520 1085 4592 dere.
