2656 5136
164 658 238 725 204
390 671 609 725 Plurrcu’rn
630 673 682 727 BT
699 668 986 727 rauranum

8 863 55 904 m.
71 866 117 906 ιι.
164 863 255 912 num
273 839 405 914 seriem
421 840 531 914 nimis
540 839 690 938 longam
702 839 910 914 breviorem
927 836 1086 913 reddat:
1106 832 1204 914 'nimi-

13 996 145 1040 mm
165 976 261 1043 rum,
295 953 628 1029 demonstrationes
664 977 740 1027 non
778 952 1009 1028 necessarias
1038 952 1203 1028 tollendo.

166 1066 264 1139 Nam
296 1068 433 1141 veritas
460 1068 686 1142 axiomatum
720 1067 830 1142 citius
852 1078 893 1141 et
924 1066 1067 1141 clarius
1102 1090 1205 1165 appa·

164 1203 246 1253 rere
264 1180 437 1272 debent*,
448 1204 559 1280 quarn
575 1180 698 1256 media
712 1180 795 1282 ipsa
811 1181 945 1278 quibus
958 1193 1050 1256 sunt
1063 1180 1204 1256 demon·

165 1294 329 1368 stranda.

215 1407 260 1479 Iu
291 1405 393 1480 omni
423 1406 737 1483 demonstratione
764 1431 876 1482 causa
899 1404 1204 1483 conclusiou'uin

162 1519 459 1616 praecedentibus
490 1520 611 1595 inesse
644 1521 766 1611 debet,
798 1543 959 1618 quorum
983 1519 1128 1595 virtute
1155 1520 1203 1593 in·

164 1631 304 1704 fertur:
330 1632 370 1705 id
399 1644 468 1722 est,
493 1634 533 1706 iu
566 1643 654 1707 ante
687 1632 962 1721 demonstratis,
988 1632 1050 1707 vel
1078 1632 1205 1707 lumine

165 1744 327 1818 naturali
353 1744 525 1841 cognitis.
574 1745 676 1842 Ergo
698 1745 763 1818 ubi
779 1746 894 1819 verba
917 1746 1124 1835 cohaerent,
1144 1743 1204 1819 crit

166 1856 441 1931 demonstratio.
494 1858 576 1932 Etsi
599 1859 698 1933 enim
715 1858 770 1932 rei
785 1858 965 1956 subjecta
981 1882 1097 1933 causa
1111 1858 1203 1956 igno

164 1982 279 2060 retur,
290 1970 478 2044 conclusio
492 1981 618 2045 tamen
627 1971 819 2045 veritatem
832 1971 1107 2070 principiorum
1116 1969 1202 2046 unde

148 2081 353 2157 derivatur
378 2084 531 2159 tenebit.
583 2083 808 2181 Hnjnsmodi
832 2096 960 2158 autem
984 2083 1201 2161 demonstre-

164 2195 285 2270 tiones
317 2197 443 2271 faciles
476 2208 575 2289 sunt,
609 2220 820 2295 quanquam
853 2197 1053 2273 scientiam
1085 2218 1201 2297 purum

163 2321 415 2404 promoveant.

215 2423 410 2497 Potissima
427 2424 591 2497 omnium
614 2422 880 2497 demonstratio
898 2447 945 2497 ea
961 2435 1033 2514 est,
1052 2446 1133 2521 quae
1148 2421 1197 2495 de·

163 2535 313 2609 ducitur
339 2561 362 2610 a
387 2538 441 2610 rei
466 2538 643 2633 subjectae
669 2537 907 2632 generatione
931 2539 1046 2634 juxta
1072 2549 1196 2610 nature

163 2649 344 2723 ordinem.
396 2651 526 2747 Itaque
552 2662 591 2724 et
614 2649 846 2723 definitiones
862 2649 912 2723 ad
929 2651 1126 2724 scientiam
1140 2647 1195 2722 uti·

165 2762 313 2836 lissimae
330 2776 416 2837 sunt
432 2763 516 2852 illae,
535 2762 572 2837 in
592 2763 724 2859 quibus
754 2762 939 2859 explicata
965 2775 1026 2837 est
1049 2765 1104 2838 rei
1127 2762 1194 2836 suin

162 2879 274 2975 jeotae
300 2878 510 2973 generatio:
537 2877 576 2950 id
606 2889 675 2966 est,
699 2900 772 2974 quo
800 2888 918 2966 motu,
943 2901 1020 2974 quo
1045 2888 1194 2951 motuum

167 3013 360 3079 concursu,
379 2991 511 3087 quibus
536 3003 704 3064 motuum
721 3002 760 3063 et
776 3000 987 3085 temporum
1011 2988 1195 3063 rationibus

166 3103 286 3200 spatia
303 3127 458 3200 quaeque
475 3116 513 3177 et
531 3102 802 3198 magnitudines
820 3101 1129 3177 determinantur.

216 3217 387 3291 Proxima
416 3217 503 3290 huic
526 3217 831 3291 demonstrationi
848 3215 912 3289 illa
936 3228 1007 3304 est,
1025 3217 1130 3314 quae*
1144 3213 1193 3286 de
1238 3284 1240 3295 .

166 3331 315 3404 ducitur
339 3355 362 3404 a
388 3331 586 3427 negatione
611 3329 778 3404 veritatis
804 3329 945 3425 aliquid
974 3326 1193 3428 impossihile.
1238 3376 1240 3393 .

167 3443 392 3541 Hnjnsmodi
419 3456 544 3517 autem
571 3442 836 3516 demonstratio
858 3442 934 3515 vim
965 3466 1072 3517 snam
1096 3443 1138 3516 ab
1159 3460 1192 3510 oo
1237 3442 1240 3547 4

165 3557 291 3648 habet,
325 3557 425 3655 quod
458 3581 481 3630 a
514 3580 601 3630 vero
634 3556 764 3629 inferri
794 3554 886 3630 nihil
919 3568 1046 3654 potest
1078 3565 1194 3655 prater
1235 3554 1240 3627 4

165 3694 307 3744 verum.
986 3722 990 3729 .
1237 3674 1240 3763 4

166 3780 1197 3819 -.—.-..----—-—-——---“
1236 3772 1240 3801 4

1237 3822 1240 3869 Ι

546 3905 565 3941 ¹
592 3903 641 3965 Sic
654 3904 724 3965 edit.
739 3902 826 3965 1674.
