<?xml version="1.0" encoding="UTF-8"?>
<!DOCTYPE html PUBLIC "-//W3C//DTD XHTML 1.0 Transitional//EN"
    "http://www.w3.org/TR/xhtml1/DTD/xhtml1-transitional.dtd">
<html xmlns="http://www.w3.org/1999/xhtml" xml:lang="en" lang="en">
 <head>
  <title>
</title>
<meta http-equiv="Content-Type" content="text/html;charset=utf-8" />
  <meta name='ocr-system' content='tesseract 3.04.00' />
  <meta name='ocr-capabilities' content='ocr_page ocr_carea ocr_par ocr_line ocrx_word'/>
</head>
<body>
  <div class='ocr_page' id='page_1' title='image "./thomhobbesmalme00hobbgoog_0097.png"; bbox 0 0 2692 4792; ppageno 0'>
   <div class='ocr_carea' id='block_1_1' title="bbox 183 282 1076 343">
    <p class='ocr_par' dir='ltr' id='par_1_1' title="bbox 183 282 1076 343">
     <span class='ocr_line' id='line_1_1' title="bbox 183 282 1076 343; baseline -0.01 0"><span class='ocrx_word' id='word_1_1' title='bbox 183 282 230 343; x_wconf 77' lang='lat'><strong>86</strong></span> <span class='ocrx_word' id='word_1_2' title='bbox 347 293 567 342; x_wconf 67' lang='lat' dir='ltr'><strong>nocentum</strong></span> <span class='ocrx_word' id='word_1_3' title='bbox 588 291 862 340; x_wconf 74' lang='lat' dir='ltr'><strong>n&#39;nnnismnm</strong></span> <span class='ocrx_word' id='word_1_4' title='bbox 884 291 936 339; x_wconf 86' lang='lat' dir='ltr'><strong>ou</strong></span> <span class='ocrx_word' id='word_1_5' title='bbox 958 290 1076 341; x_wconf 77' lang='lat' dir='ltr'><strong>noan</strong></span> 
     </span>
    </p>
   </div>
   <div class='ocr_carea' id='block_1_2' title="bbox 0 456 1242 4408">
    <p class='ocr_par' dir='ltr' id='par_1_2' title="bbox 0 456 1227 666">
     <span class='ocr_line' id='line_1_2' title="bbox 29 456 1227 554; baseline 0.002 -28"><span class='ocrx_word' id='word_1_6' title='bbox 29 487 115 527; x_wconf 67' lang='lat' dir='ltr'><strong>rosc·</strong></span> <span class='ocrx_word' id='word_1_7' title='bbox 183 461 279 532; x_wconf 83' lang='lat' dir='ltr'><strong>inter</strong></span> <span class='ocrx_word' id='word_1_8' title='bbox 305 483 347 530; x_wconf 85' lang='lat' dir='ltr'><strong>ae</strong></span> <span class='ocrx_word' id='word_1_9' title='bbox 375 457 589 554; x_wconf 72' lang='lat' dir='ltr'><strong>(equalibus,</strong></span> <span class='ocrx_word' id='word_1_10' title='bbox 609 458 775 552; x_wconf 89' lang='lat' dir='ltr'><strong>sequitur</strong></span> <span class='ocrx_word' id='word_1_11' title='bbox 803 456 958 529; x_wconf 87' lang='lat' dir='ltr'><strong>eandem</strong></span> <span class='ocrx_word' id='word_1_12' title='bbox 984 479 1065 529; x_wconf 88' lang='lat' dir='ltr'><strong>esse</strong></span> <span class='ocrx_word' id='word_1_13' title='bbox 1090 479 1180 544; x_wconf 89' lang='lat' dir='ltr'><strong>rem,</strong></span> <span class='ocrx_word' id='word_1_14' title='bbox 1198 458 1227 529; x_wconf 92' lang='lat' dir='ltr'><strong>si</strong></span> 
     </span>
     <span class='ocr_line' id='line_1_3' title="bbox 0 567 1192 666; baseline -0.003 -22"><span class='ocrx_word' id='word_1_15' title='bbox 0 567 153 609; x_wconf 62' lang='lat' dir='ltr'><strong>⁰⁸¹¹’TUM‘</strong></span> <span class='ocrx_word' id='word_1_16' title='bbox 183 574 271 644; x_wconf 89' lang='lat' dir='ltr'><strong>satis</strong></span> <span class='ocrx_word' id='word_1_17' title='bbox 290 573 424 666; x_wconf 85' lang='lat' dir='ltr'><strong>exigua</strong></span> <span class='ocrx_word' id='word_1_18' title='bbox 443 570 503 658; x_wconf 90' lang='lat' dir='ltr'><strong>sit,</strong></span> <span class='ocrx_word' id='word_1_19' title='bbox 518 583 711 656; x_wconf 81' lang='lat' dir='ltr'><strong>sectorem,</strong></span> <span class='ocrx_word' id='word_1_20' title='bbox 729 570 875 656; x_wconf 88' lang='lat' dir='ltr'><strong>lineam,</strong></span> <span class='ocrx_word' id='word_1_21' title='bbox 893 588 932 641; x_wconf 86' lang='lat' dir='ltr'><strong>et</strong></span> <span class='ocrx_word' id='word_1_22' title='bbox 950 569 1192 665; x_wconf 85' lang='lat' dir='ltr'><strong>triangulum.</strong></span> 
     </span>
    </p>

    <p class='ocr_par' dir='ltr' id='par_1_3' title="bbox 183 682 1234 2001">
     <span class='ocr_line' id='line_1_4' title="bbox 235 682 1229 780; baseline -0.001 -23"><span class='ocrx_word' id='word_1_23' title='bbox 235 684 500 780; x_wconf 82' lang='lat' dir='ltr'><strong>Propositiouis</strong></span> <span class='ocrx_word' id='word_1_24' title='bbox 518 684 657 779; x_wconf 82' lang='lat' dir='ltr'><strong>primm,</strong></span> <span class='ocrx_word' id='word_1_25' title='bbox 685 682 869 769; x_wconf 85' lang='lat' dir='ltr'><strong>secundae,</strong></span> <span class='ocrx_word' id='word_1_26' title='bbox 888 695 925 754; x_wconf 92' lang='lat' dir='ltr'><strong>et</strong></span> <span class='ocrx_word' id='word_1_27' title='bbox 943 683 1064 755; x_wconf 86' lang='lat' dir='ltr'><strong>tertiae</strong></span> <span class='ocrx_word' id='word_1_28' title='bbox 1082 706 1229 756; x_wconf 89' lang='lat' dir='ltr'><strong>causam</strong></span> 
     </span>
     <span class='ocr_line' id='line_1_5' title="bbox 183 795 1231 891; baseline -0.001 -21"><span class='ocrx_word' id='word_1_29' title='bbox 183 798 321 870; x_wconf 87' lang='lat' dir='ltr'><strong>nullam</strong></span> <span class='ocrx_word' id='word_1_30' title='bbox 340 796 513 882; x_wconf 87' lang='lat' dir='ltr'><strong>ostendit,</strong></span> <span class='ocrx_word' id='word_1_31' title='bbox 533 819 600 867; x_wconf 92' lang='lat' dir='ltr'><strong>nec</strong></span> <span class='ocrx_word' id='word_1_32' title='bbox 618 808 759 890; x_wconf 87' lang='lat' dir='ltr'><strong>potest:</strong></span> <span class='ocrx_word' id='word_1_33' title='bbox 779 795 964 891; x_wconf 89' lang='lat' dir='ltr'><strong>dependet</strong></span> <span class='ocrx_word' id='word_1_34' title='bbox 978 795 1231 869; x_wconf 88' lang='lat' dir='ltr'><strong>enimacausa</strong></span> 
     </span>
     <span class='ocr_line' id='line_1_6' title="bbox 184 909 1232 1005; baseline 0.001 -23"><span class='ocrx_word' id='word_1_35' title='bbox 184 911 365 982; x_wconf 88' lang='lat' dir='ltr'><strong>efficiente</strong></span> <span class='ocrx_word' id='word_1_36' title='bbox 382 909 546 1005; x_wconf 81' lang='lat' dir='ltr'><strong>physica,</strong></span> <span class='ocrx_word' id='word_1_37' title='bbox 565 933 675 1004; x_wconf 90' lang='lat' dir='ltr'><strong>quam</strong></span> <span class='ocrx_word' id='word_1_38' title='bbox 699 909 760 980; x_wconf 85' lang='lat' dir='ltr'><strong>ille</strong></span> <span class='ocrx_word' id='word_1_39' title='bbox 786 909 822 981; x_wconf 92' lang='lat' dir='ltr'><strong>in</strong></span> <span class='ocrx_word' id='word_1_40' title='bbox 841 921 947 1005; x_wconf 91' lang='lat' dir='ltr'><strong>parte</strong></span> <span class='ocrx_word' id='word_1_41' title='bbox 970 909 1093 1005; x_wconf 88' lang='lat' dir='ltr'><strong>prima</strong></span> <span class='ocrx_word' id='word_1_42' title='bbox 1113 911 1232 983; x_wconf 84' lang='lat' dir='ltr'><strong>consi·</strong></span> 
     </span>
     <span class='ocr_line' id='line_1_7' title="bbox 184 1023 1232 1119; baseline 0.001 -24"><span class='ocrx_word' id='word_1_43' title='bbox 184 1024 398 1095; x_wconf 90' lang='lat' dir='ltr'><strong>deraturum</strong></span> <span class='ocrx_word' id='word_1_44' title='bbox 424 1046 462 1093; x_wconf 89' lang='lat' dir='ltr'><strong>se</strong></span> <span class='ocrx_word' id='word_1_45' title='bbox 489 1046 568 1094; x_wconf 90' lang='lat' dir='ltr'><strong>esse</strong></span> <span class='ocrx_word' id='word_1_46' title='bbox 594 1046 638 1095; x_wconf 86' lang='lat' dir='ltr'><strong>ex</strong></span> <span class='ocrx_word' id='word_1_47' title='bbox 664 1024 830 1118; x_wconf 85' lang='lat' dir='ltr'><strong>professo</strong></span> <span class='ocrx_word' id='word_1_48' title='bbox 855 1035 980 1119; x_wconf 88' lang='lat' dir='ltr'><strong>negat,</strong></span> <span class='ocrx_word' id='word_1_49' title='bbox 1004 1023 1232 1118; x_wconf 78' lang='lat' dir='ltr'><strong>experientia</strong></span> 
     </span>
     <span class='ocr_line' id='line_1_8' title="bbox 185 1136 1232 1232; baseline 0.002 -24"><span class='ocrx_word' id='word_1_50' title='bbox 185 1137 247 1208; x_wconf 87' lang='lat' dir='ltr'><strong>illa</strong></span> <span class='ocrx_word' id='word_1_51' title='bbox 275 1160 386 1231; x_wconf 91' lang='lat' dir='ltr'><strong>quam</strong></span> <span class='ocrx_word' id='word_1_52' title='bbox 409 1136 586 1208; x_wconf 90' lang='lat' dir='ltr'><strong>habemus</strong></span> <span class='ocrx_word' id='word_1_53' title='bbox 613 1159 727 1232; x_wconf 86' lang='lat' dir='ltr'><strong>prope</strong></span> <span class='ocrx_word' id='word_1_54' title='bbox 751 1149 860 1209; x_wconf 84' lang='lat' dir='ltr'><strong>terrae</strong></span> <span class='ocrx_word' id='word_1_55' title='bbox 883 1136 1118 1231; x_wconf 86' lang='lat' dir='ltr'><strong>superficiem</strong></span> <span class='ocrx_word' id='word_1_56' title='bbox 1149 1161 1232 1210; x_wconf 89' lang='lat' dir='ltr'><strong>con·</strong></span> 
     </span>
     <span class='ocr_line' id='line_1_9' title="bbox 185 1249 1233 1347; baseline 0.002 -26"><span class='ocrx_word' id='word_1_57' title='bbox 185 1263 320 1322; x_wconf 85' lang='lat' dir='ltr'><strong>tentus.</strong></span> <span class='ocrx_word' id='word_1_58' title='bbox 375 1249 505 1343; x_wconf 89' lang='lat' dir='ltr'><strong>Itaque</strong></span> <span class='ocrx_word' id='word_1_59' title='bbox 531 1261 657 1321; x_wconf 90' lang='lat' dir='ltr'><strong>utrum</strong></span> <span class='ocrx_word' id='word_1_60' title='bbox 691 1273 816 1345; x_wconf 87' lang='lat' dir='ltr'><strong>grave,</strong></span> <span class='ocrx_word' id='word_1_61' title='bbox 845 1249 938 1322; x_wconf 89' lang='lat' dir='ltr'><strong>coelo</strong></span> <span class='ocrx_word' id='word_1_62' title='bbox 968 1250 1185 1347; x_wconf 84' lang='lat' dir='ltr'><strong>tranquillo,</strong></span> <span class='ocrx_word' id='word_1_63' title='bbox 1212 1274 1233 1323; x_wconf 99' lang='lat' dir='ltr'><strong>a</strong></span> 
     </span>
     <span class='ocr_line' id='line_1_10' title="bbox 185 1360 1233 1457; baseline 0.003 -24"><span class='ocrx_word' id='word_1_64' title='bbox 185 1385 321 1457; x_wconf 87' lang='lat' dir='ltr'><strong>magna</strong></span> <span class='ocrx_word' id='word_1_65' title='bbox 330 1361 452 1457; x_wconf 90' lang='lat' dir='ltr'><strong>aliqua</strong></span> <span class='ocrx_word' id='word_1_66' title='bbox 462 1360 656 1433; x_wconf 88' lang='lat' dir='ltr'><strong>altitudine</strong></span> <span class='ocrx_word' id='word_1_67' title='bbox 668 1360 867 1434; x_wconf 88' lang='lat' dir='ltr'><strong>descendat</strong></span> <span class='ocrx_word' id='word_1_68' title='bbox 877 1361 1233 1457; x_wconf 87' lang='lat' dir='ltr'><strong>perpendiculariter</strong></span> 
     </span>
     <span class='ocr_line' id='line_1_11' title="bbox 185 1472 1234 1570; baseline 0.002 -23"><span class='ocrx_word' id='word_1_69' title='bbox 185 1498 313 1560; x_wconf 85' lang='lat' dir='ltr'><strong>necne,</strong></span> <span class='ocrx_word' id='word_1_70' title='bbox 349 1474 532 1546; x_wconf 89' lang='lat' dir='ltr'><strong>incertum</strong></span> <span class='ocrx_word' id='word_1_71' title='bbox 569 1472 715 1570; x_wconf 90' lang='lat' dir='ltr'><strong>linquit.</strong></span> <span class='ocrx_word' id='word_1_72' title='bbox 784 1474 978 1561; x_wconf 81' lang='lat' dir='ltr'><strong>Praeterea,</strong></span> <span class='ocrx_word' id='word_1_73' title='bbox 1014 1499 1101 1548; x_wconf 89' lang='lat' dir='ltr'><strong>cum</strong></span> <span class='ocrx_word' id='word_1_74' title='bbox 1136 1486 1234 1549; x_wconf 88' lang='lat' dir='ltr'><strong>terra</strong></span> 
     </span>
     <span class='ocr_line' id='line_1_12' title="bbox 186 1586 1232 1685; baseline 0.003 -26"><span class='ocrx_word' id='word_1_75' title='bbox 186 1588 319 1660; x_wconf 91' lang='lat' dir='ltr'><strong>diurno</strong></span> <span class='ocrx_word' id='word_1_76' title='bbox 338 1599 376 1659; x_wconf 91' lang='lat' dir='ltr'><strong>et</strong></span> <span class='ocrx_word' id='word_1_77' title='bbox 393 1610 517 1659; x_wconf 88' lang='lat' dir='ltr'><strong>annuo</strong></span> <span class='ocrx_word' id='word_1_78' title='bbox 536 1599 641 1659; x_wconf 90' lang='lat' dir='ltr'><strong>motu</strong></span> <span class='ocrx_word' id='word_1_79' title='bbox 667 1586 783 1682; x_wconf 90' lang='lat' dir='ltr'><strong>(quod</strong></span> <span class='ocrx_word' id='word_1_80' title='bbox 803 1610 878 1681; x_wconf 91' lang='lat' dir='ltr'><strong>non</strong></span> <span class='ocrx_word' id='word_1_81' title='bbox 905 1589 1034 1684; x_wconf 85' lang='lat' dir='ltr'><strong>negat)</strong></span> <span class='ocrx_word' id='word_1_82' title='bbox 1053 1600 1232 1685; x_wconf 91' lang='lat' dir='ltr'><strong>perpetuo</strong></span> 
     </span>
     <span class='ocr_line' id='line_1_13' title="bbox 186 1700 1233 1799; baseline 0.002 -26"><span class='ocrx_word' id='word_1_83' title='bbox 186 1712 389 1788; x_wconf 90' lang='lat' dir='ltr'><strong>moveatur,</strong></span> <span class='ocrx_word' id='word_1_84' title='bbox 408 1712 445 1772; x_wconf 90' lang='lat' dir='ltr'><strong>et</strong></span> <span class='ocrx_word' id='word_1_85' title='bbox 466 1700 592 1796; x_wconf 85' lang='lat' dir='ltr'><strong>gravia</strong></span> <span class='ocrx_word' id='word_1_86' title='bbox 609 1700 657 1772; x_wconf 86' lang='lat' dir='ltr'><strong>ad</strong></span> <span class='ocrx_word' id='word_1_87' title='bbox 680 1713 817 1773; x_wconf 91' lang='lat' dir='ltr'><strong>terram</strong></span> <span class='ocrx_word' id='word_1_88' title='bbox 841 1700 996 1774; x_wconf 86' lang='lat' dir='ltr'><strong>fortuito</strong></span> <span class='ocrx_word' id='word_1_89' title='bbox 1014 1702 1233 1799; x_wconf 84' lang='lat' dir='ltr'><strong>congregari</strong></span> 
     </span>
     <span class='ocr_line' id='line_1_14' title="bbox 185 1814 1233 1910; baseline 0.002 -23"><span class='ocrx_word' id='word_1_90' title='bbox 185 1814 381 1887; x_wconf 86' lang='lat' dir='ltr'><strong>verisimile</strong></span> <span class='ocrx_word' id='word_1_91' title='bbox 399 1838 475 1886; x_wconf 93' lang='lat' dir='ltr'><strong>non</strong></span> <span class='ocrx_word' id='word_1_92' title='bbox 493 1814 553 1902; x_wconf 91' lang='lat' dir='ltr'><strong>sit,</strong></span> <span class='ocrx_word' id='word_1_93' title='bbox 566 1837 793 1910; x_wconf 87' lang='lat' dir='ltr'><strong>quaecunque</strong></span> <span class='ocrx_word' id='word_1_94' title='bbox 808 1814 854 1887; x_wconf 91' lang='lat' dir='ltr'><strong>de</strong></span> <span class='ocrx_word' id='word_1_95' title='bbox 867 1815 1050 1910; x_wconf 83' lang='lat' dir='ltr'><strong>gravitate</strong></span> <span class='ocrx_word' id='word_1_96' title='bbox 1069 1815 1233 1890; x_wconf 82' lang='lat' dir='ltr'><strong>dicmrus</strong></span> 
     </span>
     <span class='ocr_line' id='line_1_15' title="bbox 187 1927 693 2001; baseline -0.002 0"><span class='ocrx_word' id='word_1_97' title='bbox 187 1941 242 2001; x_wconf 88' lang='lat' dir='ltr'><strong>est</strong></span> <span class='ocrx_word' id='word_1_98' title='bbox 260 1927 554 1999; x_wconf 81' lang='lat' dir='ltr'><strong>indemonstrata</strong></span> <span class='ocrx_word' id='word_1_99' title='bbox 573 1939 693 2000; x_wconf 89' lang='lat' dir='ltr'><strong>erunt.</strong></span> 
     </span>
    </p>

    <p class='ocr_par' dir='ltr' id='par_1_4' title="bbox 188 2039 1233 2368">
     <span class='ocr_line' id='line_1_16' title="bbox 239 2039 1232 2138; baseline 0.005 -28"><span class='ocrx_word' id='word_1_100' title='bbox 239 2039 313 2111; x_wconf 89' lang='lat' dir='ltr'><strong>Sed</strong></span> <span class='ocrx_word' id='word_1_101' title='bbox 337 2040 522 2111; x_wconf 88' lang='lat' dir='ltr'><strong>tribuatur</strong></span> <span class='ocrx_word' id='word_1_102' title='bbox 548 2041 786 2135; x_wconf 85' lang='lat' dir='ltr'><strong>experientiae</strong></span> <span class='ocrx_word' id='word_1_103' title='bbox 810 2041 862 2113; x_wconf 88' lang='lat' dir='ltr'><strong>ita</strong></span> <span class='ocrx_word' id='word_1_104' title='bbox 884 2064 963 2113; x_wconf 89' lang='lat' dir='ltr'><strong>esse</strong></span> <span class='ocrx_word' id='word_1_105' title='bbox 980 2041 1020 2114; x_wconf 88' lang='lat' dir='ltr'><strong>in</strong></span> <span class='ocrx_word' id='word_1_106' title='bbox 1042 2042 1232 2138; x_wconf 85' lang='lat' dir='ltr'><strong>superficie</strong></span> 
     </span>
     <span class='ocr_line' id='line_1_17' title="bbox 188 2151 1233 2243; baseline 0.003 -17"><span class='ocrx_word' id='word_1_107' title='bbox 188 2165 309 2238; x_wconf 88' lang='lat' dir='ltr'><strong>terrae,</strong></span> <span class='ocrx_word' id='word_1_108' title='bbox 336 2175 411 2223; x_wconf 92' lang='lat' dir='ltr'><strong>non</strong></span> <span class='ocrx_word' id='word_1_109' title='bbox 437 2151 778 2243; x_wconf 89' lang='lat' dir='ltr'><strong>demonstrandum,</strong></span> <span class='ocrx_word' id='word_1_110' title='bbox 806 2153 871 2226; x_wconf 89' lang='lat' dir='ltr'><strong>sed</strong></span> <span class='ocrx_word' id='word_1_111' title='bbox 897 2167 939 2226; x_wconf 91' lang='lat' dir='ltr'><strong>ut</strong></span> <span class='ocrx_word' id='word_1_112' title='bbox 964 2155 1116 2228; x_wconf 86' lang='lat' dir='ltr'><strong>axioma</strong></span> <span class='ocrx_word' id='word_1_113' title='bbox 1139 2178 1233 2228; x_wconf 85' lang='lat' dir='ltr'><strong>assu·</strong></span> 
     </span>
     <span class='ocr_line' id='line_1_18' title="bbox 188 2264 636 2368; baseline -0.002 -31"><span class='ocrx_word' id='word_1_114' title='bbox 188 2264 364 2337; x_wconf 89' lang='lat' dir='ltr'><strong>mendum</strong></span> <span class='ocrx_word' id='word_1_115' title='bbox 379 2277 487 2337; x_wconf 88' lang='lat' dir='ltr'><strong>esset.</strong></span> <span class='ocrx_word' id='word_1_116' title='bbox 632 2362 636 2368; x_wconf 25' lang='grc' dir='ltr'>Ι</span> 
     </span>
    </p>

    <p class='ocr_par' dir='ltr' id='par_1_5' title="bbox 188 2376 1231 2815">
     <span class='ocr_line' id='line_1_19' title="bbox 240 2376 1231 2470; baseline 0.001 -19"><span class='ocrx_word' id='word_1_117' title='bbox 240 2379 384 2452; x_wconf 81' lang='lat' dir='ltr'><strong>Quarta</strong></span> <span class='ocrx_word' id='word_1_118' title='bbox 397 2376 649 2449; x_wconf 90' lang='lat' dir='ltr'><strong>demonstrata</strong></span> <span class='ocrx_word' id='word_1_119' title='bbox 662 2388 718 2450; x_wconf 88' lang='lat' dir='ltr'><strong>est</strong></span> <span class='ocrx_word' id='word_1_120' title='bbox 731 2380 776 2451; x_wconf 94' lang='lat' dir='ltr'><strong>ab</strong></span> <span class='ocrx_word' id='word_1_121' title='bbox 792 2378 1029 2470; x_wconf 84' lang='lat' dir='ltr'><strong>Archimede,</strong></span> <span class='ocrx_word' id='word_1_122' title='bbox 1045 2394 1086 2452; x_wconf 89' lang='lat' dir='ltr'><strong>et</strong></span> <span class='ocrx_word' id='word_1_123' title='bbox 1100 2380 1148 2453; x_wconf 89' lang='lat' dir='ltr'><strong>ab</strong></span> <span class='ocrx_word' id='word_1_124' title='bbox 1159 2379 1231 2453; x_wconf 83' lang='lat' dir='ltr'><strong>aliis</strong></span> 
     </span>
     <span class='ocr_line' id='line_1_20' title="bbox 188 2489 1231 2586; baseline 0.001 -23"><span class='ocrx_word' id='word_1_125' title='bbox 188 2503 273 2586; x_wconf 93' lang='lat' dir='ltr'><strong>post</strong></span> <span class='ocrx_word' id='word_1_126' title='bbox 309 2514 394 2562; x_wconf 91' lang='lat' dir='ltr'><strong>eum</strong></span> <span class='ocrx_word' id='word_1_127' title='bbox 427 2489 565 2578; x_wconf 90' lang='lat' dir='ltr'><strong>multis,</strong></span> <span class='ocrx_word' id='word_1_128' title='bbox 601 2514 711 2586; x_wconf 92' lang='lat' dir='ltr'><strong>quam</strong></span> <span class='ocrx_word' id='word_1_129' title='bbox 745 2491 806 2564; x_wconf 86' lang='lat' dir='ltr'><strong>ille</strong></span> <span class='ocrx_word' id='word_1_130' title='bbox 841 2493 948 2566; x_wconf 88' lang='lat' dir='ltr'><strong>aliter</strong></span> <span class='ocrx_word' id='word_1_131' title='bbox 983 2492 1231 2567; x_wconf 90' lang='lat' dir='ltr'><strong>demonstrare</strong></span> 
     </span>
     <span class='ocr_line' id='line_1_21' title="bbox 189 2601 1231 2701; baseline 0 -23"><span class='ocrx_word' id='word_1_132' title='bbox 189 2616 343 2678; x_wconf 90' lang='lat' dir='ltr'><strong>conatus</strong></span> <span class='ocrx_word' id='word_1_133' title='bbox 372 2627 446 2675; x_wconf 91' lang='lat' dir='ltr'><strong>non</strong></span> <span class='ocrx_word' id='word_1_134' title='bbox 475 2601 720 2675; x_wconf 88' lang='lat' dir='ltr'><strong>demonstrat:</strong></span> <span class='ocrx_word' id='word_1_135' title='bbox 749 2628 869 2700; x_wconf 90' lang='lat' dir='ltr'><strong>neque</strong></span> <span class='ocrx_word' id='word_1_136' title='bbox 897 2606 1078 2701; x_wconf 88' lang='lat' dir='ltr'><strong>sequitur,</strong></span> <span class='ocrx_word' id='word_1_137' title='bbox 1106 2618 1151 2680; x_wconf 91' lang='lat' dir='ltr'><strong>nt</strong></span> <span class='ocrx_word' id='word_1_138' title='bbox 1178 2606 1231 2680; x_wconf 83' lang='lat' dir='ltr'><strong>ille</strong></span> 
     </span>
     <span class='ocr_line' id='line_1_22' title="bbox 189 2717 733 2815; baseline -0.004 -25"><span class='ocrx_word' id='word_1_139' title='bbox 189 2730 307 2815; x_wconf 91' lang='lat' dir='ltr'><strong>putat,</strong></span> <span class='ocrx_word' id='word_1_140' title='bbox 328 2741 373 2789; x_wconf 87' lang='lat' dir='ltr'><strong>ex</strong></span> <span class='ocrx_word' id='word_1_141' title='bbox 398 2725 440 2789; x_wconf 81' lang='lat'><strong>12</strong></span> <span class='ocrx_word' id='word_1_142' title='bbox 459 2728 498 2788; x_wconf 90' lang='lat' dir='ltr'><strong>et</strong></span> <span class='ocrx_word' id='word_1_143' title='bbox 520 2726 563 2788; x_wconf 86' lang='lat'><strong>13</strong></span> <span class='ocrx_word' id='word_1_144' title='bbox 583 2740 662 2811; x_wconf 90' lang='lat' dir='ltr'><strong>cap.</strong></span> <span class='ocrx_word' id='word_1_145' title='bbox 683 2717 733 2788; x_wconf 92' lang='lat' dir='ltr'><strong>iii.</strong></span> 
     </span>
    </p>

    <p class='ocr_par' dir='ltr' id='par_1_6' title="bbox 190 2830 1242 4287">
     <span class='ocr_line' id='line_1_23' title="bbox 241 2830 1232 2918; baseline 0.001 -14"><span class='ocrx_word' id='word_1_146' title='bbox 241 2831 384 2904; x_wconf 80' lang='lat' dir='ltr'><strong>Quinta</strong></span> <span class='ocrx_word' id='word_1_147' title='bbox 412 2830 558 2902; x_wconf 83' lang='lat' dir='ltr'><strong>axioma</strong></span> <span class='ocrx_word' id='word_1_148' title='bbox 582 2852 704 2901; x_wconf 92' lang='lat' dir='ltr'><strong>meum</strong></span> <span class='ocrx_word' id='word_1_149' title='bbox 733 2843 801 2918; x_wconf 90' lang='lat' dir='ltr'><strong>est,</strong></span> <span class='ocrx_word' id='word_1_150' title='bbox 827 2831 1005 2904; x_wconf 85' lang='lat' dir='ltr'><strong>tractanti</strong></span> <span class='ocrx_word' id='word_1_151' title='bbox 1036 2831 1084 2904; x_wconf 90' lang='lat' dir='ltr'><strong>de</strong></span> <span class='ocrx_word' id='word_1_152' title='bbox 1112 2844 1232 2907; x_wconf 88' lang='lat' dir='ltr'><strong>centro</strong></span> 
     </span>
     <span class='ocr_line' id='line_1_24' title="bbox 190 2942 1233 3042; baseline 0.001 -27"><span class='ocrx_word' id='word_1_153' title='bbox 190 2944 401 3040; x_wconf 85' lang='lat' dir='ltr'><strong>aequilibrii:</strong></span> <span class='ocrx_word' id='word_1_154' title='bbox 418 2967 527 3038; x_wconf 89' lang='lat' dir='ltr'><strong>qnam</strong></span> <span class='ocrx_word' id='word_1_155' title='bbox 538 2943 599 3014; x_wconf 92' lang='lat' dir='ltr'><strong>ille</strong></span> <span class='ocrx_word' id='word_1_156' title='bbox 611 2942 839 3016; x_wconf 87' lang='lat' dir='ltr'><strong>demonstrat</strong></span> <span class='ocrx_word' id='word_1_157' title='bbox 852 2968 918 3041; x_wconf 90' lang='lat' dir='ltr'><strong>per</strong></span> <span class='ocrx_word' id='word_1_158' title='bbox 929 2967 1034 3041; x_wconf 88' lang='lat' dir='ltr'><strong>prop.</strong></span> <span class='ocrx_word' id='word_1_159' title='bbox 1044 2955 1081 3036; x_wconf 87' lang='lat'><strong>8,</strong></span> <span class='ocrx_word' id='word_1_160' title='bbox 1093 2970 1176 3042; x_wconf 90' lang='lat' dir='ltr'><strong>cap.</strong></span> <span class='ocrx_word' id='word_1_161' title='bbox 1184 2946 1233 3019; x_wconf 90' lang='lat' dir='ltr'><strong>iii:</strong></span> 
     </span>
     <span class='ocr_line' id='line_1_25' title="bbox 191 3056 1235 3152; baseline 0.001 -23"><span class='ocrx_word' id='word_1_162' title='bbox 191 3082 301 3152; x_wconf 86' lang='lat' dir='ltr'><strong>qnam</strong></span> <span class='ocrx_word' id='word_1_163' title='bbox 320 3070 486 3129; x_wconf 87' lang='lat' dir='ltr'><strong>octavam</strong></span> <span class='ocrx_word' id='word_1_164' title='bbox 506 3056 650 3128; x_wconf 89' lang='lat' dir='ltr'><strong>ostendi</strong></span> <span class='ocrx_word' id='word_1_165' title='bbox 675 3080 786 3152; x_wconf 86' lang='lat' dir='ltr'><strong>supra</strong></span> <span class='ocrx_word' id='word_1_166' title='bbox 809 3081 875 3130; x_wconf 92' lang='lat' dir='ltr'><strong>suo</strong></span> <span class='ocrx_word' id='word_1_167' title='bbox 897 3058 992 3145; x_wconf 91' lang='lat' dir='ltr'><strong>loco,</strong></span> <span class='ocrx_word' id='word_1_168' title='bbox 1011 3082 1093 3132; x_wconf 87' lang='lat' dir='ltr'><strong>esse</strong></span> <span class='ocrx_word' id='word_1_169' title='bbox 1110 3059 1235 3133; x_wconf 83' lang='lat' dir='ltr'><strong>falsam</strong></span> 
     </span>
     <span class='ocr_line' id='line_1_26' title="bbox 192 3168 1236 3262; baseline 0.004 -22"><span class='ocrx_word' id='word_1_170' title='bbox 192 3186 229 3242; x_wconf 91' lang='lat' dir='ltr'><strong>et</strong></span> <span class='ocrx_word' id='word_1_171' title='bbox 247 3182 379 3241; x_wconf 89' lang='lat' dir='ltr'><strong>contra</strong></span> <span class='ocrx_word' id='word_1_172' title='bbox 405 3168 657 3241; x_wconf 86' lang='lat' dir='ltr'><strong>demonstrata</strong></span> <span class='ocrx_word' id='word_1_173' title='bbox 674 3193 696 3240; x_wconf 94' lang='lat' dir='ltr'><strong>a</strong></span> <span class='ocrx_word' id='word_1_174' title='bbox 715 3169 855 3257; x_wconf 87' lang='lat' dir='ltr'><strong>Clavio,</strong></span> <span class='ocrx_word' id='word_1_175' title='bbox 885 3171 1095 3262; x_wconf 88' lang='lat' dir='ltr'><strong>Harriotto‚</strong></span> <span class='ocrx_word' id='word_1_176' title='bbox 1113 3186 1154 3247; x_wconf 87' lang='lat' dir='ltr'><strong>et</strong></span> <span class='ocrx_word' id='word_1_177' title='bbox 1177 3196 1236 3246; x_wconf 89' lang='lat' dir='ltr'><strong>suo</strong></span> 
     </span>
     <span class='ocr_line' id='line_1_27' title="bbox 192 3281 1237 3382; baseline 0.007 -29"><span class='ocrx_word' id='word_1_178' title='bbox 192 3282 306 3378; x_wconf 90' lang='lat' dir='ltr'><strong>ipsius</strong></span> <span class='ocrx_word' id='word_1_179' title='bbox 336 3283 513 3375; x_wconf 88' lang='lat' dir='ltr'><strong>magistro</strong></span> <span class='ocrx_word' id='word_1_180' title='bbox 540 3281 770 3377; x_wconf 82' lang='lat' dir='ltr'><strong>Ougbtredo.</strong></span> <span class='ocrx_word' id='word_1_181' title='bbox 824 3282 1011 3357; x_wconf 86' lang='lat' dir='ltr'><strong>Praeterea</strong></span> <span class='ocrx_word' id='word_1_182' title='bbox 1036 3286 1237 3382; x_wconf 89' lang='lat' dir='ltr'><strong>propositio</strong></span> 
     </span>
     <span class='ocr_line' id='line_1_28' title="bbox 193 3394 1238 3494; baseline 0.009 -28"><span class='ocrx_word' id='word_1_183' title='bbox 193 3396 284 3489; x_wconf 87' lang='lat' dir='ltr'><strong>ipsa,</strong></span> <span class='ocrx_word' id='word_1_184' title='bbox 315 3407 357 3466; x_wconf 94' lang='lat' dir='ltr'><strong>ut</strong></span> <span class='ocrx_word' id='word_1_185' title='bbox 382 3394 490 3467; x_wconf 87' lang='lat' dir='ltr'><strong>facile</strong></span> <span class='ocrx_word' id='word_1_186' title='bbox 516 3396 711 3468; x_wconf 87' lang='lat' dir='ltr'><strong>observare</strong></span> <span class='ocrx_word' id='word_1_187' title='bbox 737 3408 856 3492; x_wconf 80' lang='lat' dir='ltr'><strong>poteS,</strong></span> <span class='ocrx_word' id='word_1_188' title='bbox 882 3398 1041 3494; x_wconf 85' lang='lat' dir='ltr'><strong>seipsam</strong></span> <span class='ocrx_word' id='word_1_189' title='bbox 1072 3398 1238 3474; x_wconf 72' lang='lat' dir='ltr'><strong>destruit</strong></span> 
     </span>
     <span class='ocr_line' id='line_1_29' title="bbox 195 3508 1240 3602; baseline 0.009 -22"><span class='ocrx_word' id='word_1_190' title='bbox 195 3508 292 3580; x_wconf 89' lang='lat' dir='ltr'><strong>Nam</strong></span> <span class='ocrx_word' id='word_1_191' title='bbox 311 3520 532 3602; x_wconf 88' lang='lat' dir='ltr'><strong>quantorum</strong></span> <span class='ocrx_word' id='word_1_192' title='bbox 551 3509 663 3581; x_wconf 89' lang='lat' dir='ltr'><strong>series</strong></span> <span class='ocrx_word' id='word_1_193' title='bbox 677 3509 821 3582; x_wconf 89' lang='lat' dir='ltr'><strong>infinita</strong></span> <span class='ocrx_word' id='word_1_194' title='bbox 834 3510 1006 3583; x_wconf 91' lang='lat' dir='ltr'><strong>ultimum</strong></span> <span class='ocrx_word' id='word_1_195' title='bbox 1023 3536 1101 3585; x_wconf 89' lang='lat' dir='ltr'><strong>non</strong></span> <span class='ocrx_word' id='word_1_196' title='bbox 1118 3514 1240 3589; x_wconf 85' lang='lat' dir='ltr'><strong>babet.</strong></span> 
     </span>
     <span class='ocr_line' id='line_1_30' title="bbox 194 3621 1241 3719; baseline 0.008 -26"><span class='ocrx_word' id='word_1_197' title='bbox 194 3621 287 3715; x_wconf 86' lang='lat' dir='ltr'><strong>Ego,</strong></span> <span class='ocrx_word' id='word_1_198' title='bbox 299 3644 347 3693; x_wconf 83' lang='lat' dir='ltr'><strong>ex</strong></span> <span class='ocrx_word' id='word_1_199' title='bbox 360 3622 677 3694; x_wconf 77' lang='lat' dir='ltr'><strong>arithmeticorum</strong></span> <span class='ocrx_word' id='word_1_200' title='bbox 688 3634 724 3695; x_wconf 90' lang='lat' dir='ltr'><strong>et</strong></span> <span class='ocrx_word' id='word_1_201' title='bbox 734 3624 1042 3719; x_wconf 74' lang='lat' dir='ltr'><strong>geometricorum</strong></span> <span class='ocrx_word' id='word_1_202' title='bbox 1056 3628 1241 3700; x_wconf 89' lang='lat' dir='ltr'><strong>rationum</strong></span> 
     </span>
     <span class='ocr_line' id='line_1_31' title="bbox 196 3732 1242 3832; baseline 0.011 -28"><span class='ocrx_word' id='word_1_203' title='bbox 196 3732 412 3806; x_wconf 86' lang='lat' dir='ltr'><strong>differentiis</strong></span> <span class='ocrx_word' id='word_1_204' title='bbox 436 3734 490 3824; x_wconf 88' lang='lat' dir='ltr'><strong>(in</strong></span> <span class='ocrx_word' id='word_1_205' title='bbox 516 3735 724 3829; x_wconf 88' lang='lat' dir='ltr'><strong>quantitate</strong></span> <span class='ocrx_word' id='word_1_206' title='bbox 747 3737 867 3829; x_wconf 89' lang='lat' dir='ltr'><strong>finita)</strong></span> <span class='ocrx_word' id='word_1_207' title='bbox 893 3751 1074 3832; x_wconf 90' lang='lat' dir='ltr'><strong>perpetuo</strong></span> <span class='ocrx_word' id='word_1_208' title='bbox 1098 3739 1242 3815; x_wconf 88' lang='lat' dir='ltr'><strong>decres-</strong></span> 
     </span>
     <span class='ocr_line' id='line_1_32' title="bbox 196 3847 1242 3946; baseline 0.011 -29"><span class='ocrx_word' id='word_1_209' title='bbox 196 3847 377 3933; x_wconf 88' lang='lat' dir='ltr'><strong>centibus,</strong></span> <span class='ocrx_word' id='word_1_210' title='bbox 394 3847 667 3940; x_wconf 84' lang='lat' dir='ltr'><strong>magnitudines</strong></span> <span class='ocrx_word' id='word_1_211' title='bbox 693 3849 895 3944; x_wconf 83' lang='lat' dir='ltr'><strong>figurarum</strong></span> <span class='ocrx_word' id='word_1_212' title='bbox 915 3850 1242 3946; x_wconf 85' lang='lat' dir='ltr'><strong>investigavetam:</strong></span> 
     </span>
     <span class='ocr_line' id='line_1_33' title="bbox 196 3959 1242 4062; baseline 0.009 -29"><span class='ocrx_word' id='word_1_213' title='bbox 196 3961 258 4033; x_wconf 85' lang='lat' dir='ltr'><strong>ilie</strong></span> <span class='ocrx_word' id='word_1_214' title='bbox 284 3959 504 4033; x_wconf 88' lang='lat' dir='ltr'><strong>tantundem</strong></span> <span class='ocrx_word' id='word_1_215' title='bbox 523 3960 644 4039; x_wconf 87' lang='lat' dir='ltr'><strong>valere</strong></span> <span class='ocrx_word' id='word_1_216' title='bbox 670 3965 814 4057; x_wconf 87' lang='lat' dir='ltr'><strong>putavit</strong></span> <span class='ocrx_word' id='word_1_217' title='bbox 840 3978 1081 4059; x_wconf 86' lang='lat' dir='ltr'><strong>augmentum</strong></span> <span class='ocrx_word' id='word_1_218' title='bbox 1098 3968 1242 4062; x_wconf 91' lang='lat' dir='ltr'><strong>quanti·</strong></span> 
     </span>
     <span class='ocr_line' id='line_1_34' title="bbox 197 4074 1242 4176; baseline 0.01 -29"><span class='ocrx_word' id='word_1_219' title='bbox 197 4074 286 4147; x_wconf 87' lang='lat' dir='ltr'><strong>tatis</strong></span> <span class='ocrx_word' id='word_1_220' title='bbox 303 4074 506 4157; x_wconf 88' lang='lat' dir='ltr'><strong>infinitum;</strong></span> <span class='ocrx_word' id='word_1_221' title='bbox 533 4086 572 4147; x_wconf 92' lang='lat' dir='ltr'><strong>et</strong></span> <span class='ocrx_word' id='word_1_222' title='bbox 600 4074 696 4148; x_wconf 93' lang='lat' dir='ltr'><strong>idem</strong></span> <span class='ocrx_word' id='word_1_223' title='bbox 723 4099 762 4149; x_wconf 86' lang='lat' dir='ltr'><strong>se</strong></span> <span class='ocrx_word' id='word_1_224' title='bbox 788 4076 910 4149; x_wconf 86' lang='lat' dir='ltr'><strong>facere</strong></span> <span class='ocrx_word' id='word_1_225' title='bbox 935 4102 1044 4173; x_wconf 90' lang='lat' dir='ltr'><strong>posse</strong></span> <span class='ocrx_word' id='word_1_226' title='bbox 1071 4083 1242 4176; x_wconf 84' lang='lat' dir='ltr'><strong>sperabat</strong></span> 
     </span>
     <span class='ocr_line' id='line_1_35' title="bbox 196 4188 1100 4287; baseline 0.011 -29"><span class='ocrx_word' id='word_1_227' title='bbox 196 4210 263 4283; x_wconf 89' lang='lat' dir='ltr'><strong>per</strong></span> <span class='ocrx_word' id='word_1_228' title='bbox 280 4210 364 4260; x_wconf 88' lang='lat' dir='ltr'><strong>suas</strong></span> <span class='ocrx_word' id='word_1_229' title='bbox 381 4188 602 4284; x_wconf 87' lang='lat' dir='ltr'><strong>quantitates</strong></span> <span class='ocrx_word' id='word_1_230' title='bbox 620 4189 763 4261; x_wconf 90' lang='lat' dir='ltr'><strong>infinite</strong></span> <span class='ocrx_word' id='word_1_231' title='bbox 781 4190 932 4287; x_wconf 85' lang='lat' dir='ltr'><strong>exiguas</strong></span> <span class='ocrx_word' id='word_1_232' title='bbox 949 4190 1100 4268; x_wconf 85' lang='lat' dir='ltr'><strong>frustra.</strong></span> 
     </span>
    </p>

    <p class='ocr_par' dir='ltr' id='par_1_7' title="bbox 248 4299 1240 4408">
     <span class='ocr_line' id='line_1_36' title="bbox 248 4299 1240 4408; baseline 0.011 -36"><span class='ocrx_word' id='word_1_233' title='bbox 248 4299 454 4395; x_wconf 87' lang='lat' dir='ltr'><strong>Propositio</strong></span> <span class='ocrx_word' id='word_1_234' title='bbox 472 4309 507 4389; x_wconf 86' lang='lat'><strong>6,</strong></span> <span class='ocrx_word' id='word_1_235' title='bbox 525 4325 605 4397; x_wconf 91' lang='lat' dir='ltr'><strong>cap.</strong></span> <span class='ocrx_word' id='word_1_236' title='bbox 621 4326 653 4391; x_wconf 92' lang='lat' dir='ltr'><strong>v,</strong></span> <span class='ocrx_word' id='word_1_237' title='bbox 672 4302 752 4375; x_wconf 88' lang='lat' dir='ltr'><strong>haec</strong></span> <span class='ocrx_word' id='word_1_238' title='bbox 770 4317 847 4376; x_wconf 89' lang='lat' dir='ltr'><strong>est:</strong></span> <span class='ocrx_word' id='word_1_239' title='bbox 869 4303 1240 4408; x_wconf 76' lang='lat' dir='ltr'><strong>Cujaacurtquefiga·</strong></span> 
     </span>
    </p>
   </div>
   <div class='ocr_carea' id='block_1_3' title="bbox 0 0 1366 4792">
    <p class='ocr_par' dir='ltr' id='par_1_8' title="bbox 0 0 1366 4792">
     <span class='ocr_line' id='line_1_37' title="bbox 0 0 1366 4792; baseline 0 0"><span class='ocrx_word' id='word_1_240' title='bbox 0 0 1366 4792; x_wconf 95' lang='lat' dir='ltr'><strong> </strong></span> 
     </span>
    </p>
   </div>
  </div>
 </body>
</html>
