2656 5136
330 39 1225 405 -

119 628 191 695 392
536 638 737 695 maronia

159 805 236 872 Non
252 805 433 873 inconsulta
445 808 669 873 commoditate
684 828 751 873 sua.

119 906 183 973 Sed
197 907 223 971 si
239 906 312 990 quis
325 905 435 982 laicus,
450 928 516 971 non
530 906 602 972 dico
616 907 741 971 laeserat
754 904 844 983 illos,

162 1003 264 1071 bed
240 1028 276 1082 si
293 1004 380 1088 quod
393 1004 514 1083 dicunt,
529 1004 634 1071 dicere
647 1003 729 1070 nolit
743 1002 855 1069 idem
1106 1012 1179 1075 1010

118 1113 138 1143 “
129 1104 233 1180 ‘‚Ure
249 1104 338 1169 Ure’
339 1104 553 1182 ,exclamant
568 1114 603 1170 et
616 1102 839 1169 vociferantur
853 1103 927 1169 ad
914 1126 1049 1193 ignem,

161 1202 343 1268 Mortemve
358 1213 508 1279 atmcem,
523 1202 551 1267 si
567 1223 631 1286 qna
644 1200 697 1278 sit,
711 1199 788 1287 igne
802 1202 925 1289 magis.

122 1300 153 1367 Ο
170 1300 290 1378 Sancti,
305 1300 364 1366 soli
378 1324 435 1385 qur
425 1300 564 1367 Sancti
578 1300 678 1367 vultis
691 1298 814 1377 haberi,

162 1397 374 1466 Commendat
388 1400 479 1467 vobis
493 1400 690 1467 saevitiemne
705 1398 822 1465 Deus?

121 1497 200 1564 Non
216 1508 323 1565 tamen
338 1500 459 1586 ingenii
473 1510 549 1565 sunt
562 1500 642 1579 haec,
656 1498 712 1565 sed
725 1496 814 1564 facta
828 1498 1020 1571 timentum

164 1596 247 1680 Quae
257 1600 454 1663 conabantur
468 1620 509 1664 ne
523 1598 685 1684 patefacta
697 1597 814 1663 lorent-

120 1693 162 1761 In
177 1697 329 1782 populum
343 1697 475 1782 laqueos
488 1697 657 1785 pluerant:
680 1697 818 1781 ideoque
833 1696 1043 1781 timendum,

166 1795 200 1862 Si
215 1796 351 1883 populus
366 1798 471 1875 sciret.
486 1820 527 1863 ne
541 1797 667 1884 plueret
680 1795 811 1884 lapides.

121 1894 265 1962 Crimina
279 1896 465 1963 criminibus
479 1896 626 1963 celantur
638 1896 741 1983 prima
753 1896 931 1977 secundis3

163 1994 290 2060 Ultima
304 1996 360 2062 sed
374 1996 503 2062 tandem
517 2019 582 2063 non
597 1996 660 2062 erit
673 1996 759 2062 unde
773 2006 902 2083 tegant.
1104 2008 1183 2070 1620

121 2092 248 2180 Nempe
265 2094 426 2162 Luthcrus
439 2094 511 2173 crit.
527 2095 585 2180 qui
598 2095 726 2161 fraudes
739 2095 873 2183 deteget
885 2120 1031 2165 omnes:

164 2193 210 2258 Et
225 2194 330 2278 Papas
344 2193 439 2259 feriet
453 2193 588 2259 fulmine
604 2191 772 2261 Saronico.

122 2293 268 2358 Ambitio
283 2292 316 2356 in
331 2292 445 2380 longos
459 2312 587 2379 perraro
601 2292 755 2380 pmspicit
767 2314 879 2371 annos,

166 2390 381 2472 Quantumvis
396 2388 532 2477 presens
547 2390 627 2457 utile
641 2402 735 2457 acuta
749 2390 848 2457 videt.

123 2490 195 2556 Nec
210 2514 267 2555 sua
282 2490 468 2575 Philosophi
483 2491 654 2556 credebant
668 2514 759 2577 posse
774 2490 878 2555 refelli

167 2588 197 2649 A
214 2585 301 2651 laicis
317 2612 457 2672 unquam
472 2591 622 2677 dogmata
636 2592 730 2656 docta
744 2589 829 2655 viris.

123 2684 187 2749 llis
201 2687 277 2769 qnia
291 2689 487 2773 temporibus
503 2693 677 2756 turbabant
692 2688 940 2768 Merraotltclitoe,

166 2783 250 2851 Cum
267 2786 388 2852 Christi
403 2802 547 2854 sanctum
562 2789 838 2870 distraherentque
858 2811 1022 2877 gregem:

124 2882 283 2970 Principis
298 2885 419 2969 injussu
436 2899 513 2952 tunc
528 2888 665 2973 primurn
682 2887 771 2972 Papa
785 2887 926 2964 vocavit,

167 2981 273 3068 Ipsius
288 2984 430 3062 arbitrio,
447 2984 646 3052 Catholieam
664 2984 840 3072 Synodum.
1106 2999 1185 3060 1630

124 3081 299 3167 Coeperunt
314 3106 404 3169 reges
420 3096 497 3149 tunc
512 3085 650 3170 primum
666 3106 757 3170 posse
771 3083 880 3169 putari

167 3180 338 3248 Haeretici:
363 3194 396 3248 et
411 3183 535 3249 vinctos
549 3183 674 3270 legibus
689 3206 757 3248 esse
773 3181 909 3249 schola.

123 3286 187 3346 b'ec.
211 3283 355 3370 Legibus
370 3308 437 3349 esse
456 3284 579 3351 Scholae
594 3285 754 3367 subjectos
769 3304 832 3346 non
847 3294 930 3367 puto
946 3308 1071 3374 reges:

168 3379 335 3469 Subjectos
350 3385 433 3449 nosti
450 3385 573 3471 legibus
584 3406 652 3449 esse
665 3383 735 3448 Dei.

123 3481 183 3544 Pr.
207 3482 279 3547 ch
294 3482 402 3547 divina
417 3484 496 3548 nihil
511 3486 550 3550 de
566 3482 661 3569 nugis
676 3481 819 3547 continet
833 3480 922 3546 istis:

166 3579 200 3642 N
202 3604 253 3644 am
268 3580 321 3645 lex
337 3579 405 3646 haeo
419 3581 476 3646 lux
491 3597 550 3659 cst,
562 3592 650 3647 recta
665 3581 808 3666 jubendo
823 3580 954 3648 docens.

125 3677 189 3744 Sed
204 3680 417 3745 doctrinarum
434 3684 580 3746 tenebras
595 3681 650 3744 has
666 3704 724 3745 nec
741 3679 827 3744 videt
841 3679 910 3764 ipse

168 3777 362 3843 Umbrarum
378 3779 533 3856 dominus,
550 3780 606 3865 qui
621 3779 689 3844 sinc
704 3778 775 3843 lucc
789 3777 885 3842 videt

124 3875 217 3941 Mille
231 3879 413 3943 voluntates
428 3880 524 3945 habet
539 3903 631 3954 unus,
647 3878 725 3942 dum
739 3877 833 3942 modo
848 3877 921 3942 vult
936 3879 1014 3959 hoc,

167 3974 293 4041 Deinde
308 3976 413 4041 aliud:
439 3978 568 4055 nullam,
584 3978 611 4043 si
625 3977 708 4041 nihil
721 3988 821 4063 optat,
842 3975 954 4044 habet.
1100 3990 1182 4052 1640

123 4074 272 4141 Christus
287 4074 333 4139 ait
348 4075 440 4152 clare,
458 4085 477 4113 “
495 4075 613 4142 Sumus
628 4099 721 4152 unus,
737 4074 874 4160 Egoque
891 4076 1106 4166 Paterque”:

168 4173 268 4239 Visne
285 4173 464 4240 voluntates
479 4177 574 4241 unius
596 4199 663 4240 esse
678 4176 782 4239 duas?

124 4273 208 4338 Haec
223 4288 437 4358 provenerunt
452 4277 492 4339 ab
507 4277 594 4340 inani
610 4274 808 4361 philosophia

168 4372 333 4460 Temporis
347 4373 441 4451 illius,
458 4397 554 4457 quam
569 4376 694 4439 coluere
710 4358 831 4438 Patres.

124 4470 275 4554 Namque
291 4471 404 4538 animae
419 4473 555 4558 lepidam
571 4476 742 4537 narrabant
757 4473 966 4542 mconomiam

167 4570 238 4635 lllis
255 4573 450 4657 temporibus
465 4572 643 4659 philosophi
659 4584 801 4639 veteres:
