2656 5136
97 581 171 659 270
474 603 761 657 onrucrronns

1 792 53 833 πο
97 790 182 839 cum
200 767 362 864 seipsum
386 779 532 844 tantum
549 772 711 869 respicit,
730 797 806 847 nou
824 774 1013 870 experitur
1030 797 1154 846 unum

1 873 3 881 ’
97 891 135 953 et
152 879 250 953 idem
275 905 356 955 esse
381 882 631 958 voluntarium
655 897 693 959 et
712 885 881 959 liberum.
933 887 1067 982 Neque
1086 887 1152 959 hic

96 1006 154 1066 est
181 993 284 1067 locus
311 996 545 1071 examinandi
567 1022 737 1094 quaenam
762 1001 811 1073 sit
835 1001 1000 1074 eadere
1018 1000 1150 1097 opinio

95 1106 264 1181 aliorum.

459 1360 659 1414 ontncrlo
678 1362 775 1413 xm.

92 1496 271 1596 Exempli
296 1523 424 1589 causa,
452 1525 533 1574 cem
563 1499 818 1573 examinarem
845 1500 905 1573 Iris
934 1499 1066 1574 diebus
1093 1528 1148 1577 an

143 1609 294 1708 aliquid
308 1613 346 1685 in
363 1612 493 1686 mundo
510 1613 700 1703 existeret,
711 1623 823 1711 atque
840 1613 1074 1687 adverterem
1094 1643 1147 1690 er

142 1722 210 1796 lroc
222 1723 305 1821 ipso
318 1726 415 1822 quod
430 1723 529 1799 illud
538 1725 801 1814 examinarem,
815 1725 1006 1798 evidenter
1018 1729 1147 1824 sequi-

145 1846 207 1909 tur
223 1863 280 1910 me
297 1838 474 1924 existere,
491 1862 563 1912 non
572 1838 686 1936 potui
702 1838 850 1936 quidem
874 1863 944 1910 non
959 1839 1146 1932 judicare

143 1950 241 2046 quod
263 1961 340 2024 tam
366 1951 474 2026 clare
501 1950 754 2050 intelligebam
785 1975 908 2024 verum
937 1976 1038 2025 esse:
1070 1979 1145 2026 non

141 2064 244 2160 quod
257 2063 303 2136 ab
321 2063 452 2162 aliquo
464 2063 502 2139 oi
518 2075 676 2138 externa
677 2064 830 2162 fuerim
843 2065 899 2138 ad
914 2064 958 2138 id
973 2077 1142 2157 coactus,

139 2177 210 2250 sed
225 2177 310 2273 quin
328 2202 376 2249 ee
393 2202 532 2276 magua
549 2176 631 2250 luce
644 2175 683 2250 in
701 2176 890 2251 intellectu
905 2203 1044 2276 magna
1055 2203 1141 2252 con·

139 2299 298 2388 sequuta
326 2300 385 2363 est
409 2289 619 2389 propensio
646 2291 686 2363 in
714 2289 914 2380 voluntate,
939 2302 1056 2388 atque
1080 2293 1141 2366 ita

140 2412 243 2475 tanto
257 2402 381 2499 magis
394 2410 527 2501 sponte
538 2412 576 2475 et
589 2401 706 2475 libere
720 2401 819 2475 illut
825 2403 982 2492 credidi,
997 2415 1138 2500 quanto

140 2514 332 2610 minusfni
348 2514 404 2587 ad
418 2514 523 2588 istud
538 2514 658 2611 ipsum
677 2514 905 2609 indifferens.

137 2703 219 2775 Vox
236 2703 328 2790 haeo,
346 2727 482 2800 magna
507 2702 573 2774 lun
596 2702 634 2774 in
654 2701 854 2791 intellectu,
880 2705 1136 2799 metaphorica

87 2828 160 2900 est;
187 2840 255 2889 nec
268 2817 381 2912 igitur
394 2816 699 2912 argumentativa.
728 2817 988 2913 Unusquisque
1007 2832 1136 2891 autem

86 2929 149 3025 qui
177 2929 407 3003 dubitatione
437 2942 549 3019 caret,
575 2931 686 3003 talem
711 2930 831 3003 lucem
857 2932 1065 3025 praetendit‚
1094 2947 1135 3006 et

84 3043 198 3117 habet
219 3045 501 3141 propensionem
517 3044 719 3117 voluntatis
743 3043 790 3117 ad
817 3044 1073 3117 affirmandum
1092 3047 1134 3119 id

85 3156 131 3230 de
148 3182 221 3254 quo
240 3157 397 3246 dubitat,
411 3182 485 3230 non
503 3156 681 3231 minorem
696 3182 805 3254 quam
820 3158 882 3252 qui
901 3182 1029 3229 revera
1046 3160 1132 3232 scit.

84 3271 209 3345 Potest
226 3295 315 3366 ergo
327 3271 392 3344 lux
409 3271 488 3344 haec
502 3294 580 3343 esse
594 3295 705 3343 causa
722 3295 834 3367 quare
849 3272 930 3365 quis
945 3272 1133 3346 obstinate

82 3384 293 3480 opinionem
321 3384 481 3480 aliquam
509 3383 684 3456 defendat
710 3384 769 3456 vel
795 3395 932 3472 teneat,
960 3385 1025 3455 sed
1053 3409 1133 3460 uon

83 3498 183 3594 quod
201 3499 294 3571 sciat
311 3521 434 3571 veram
452 3521 534 3570 eam
553 3520 644 3570 esse.

132 3611 325 3701 Praeterea,
340 3635 414 3684 non
428 3610 539 3683 modo
553 3611 647 3682 scire
660 3609 799 3705 aliquid
816 3633 943 3680 verum
958 3633 1047 3696 esse,
1063 3613 1132 3686 scd

81 3736 119 3796 et
137 3725 287 3797 credere
305 3723 361 3796 vel
380 3746 568 3796 assensum
585 3724 761 3816 praebere,
780 3721 898 3793 aliena
916 3733 1002 3793 sunt
1023 3746 1046 3793 a
1064 3748 1130 3794 vo-

78 3836 238 3911 luntate:
267 3861 351 3909 nam
369 3860 452 3932 quae
465 3835 596 3907 validis
610 3836 836 3932 argumentis
850 3836 1054 3930 probantur
1068 3838 1130 3910 vel

78 3962 120 4024 ut
137 3950 328 4025 credibilia
344 3961 553 4038 narrantur,
564 3949 731 4021 volentes
746 3947 913 4020 nolentes
929 3948 1129 4023 credimus,

77 4066 216 4138 Verum
240 4076 306 4154 est,
333 4062 432 4159 quod
452 4062 634 4135 affirmare
655 4075 694 4134 et
717 4086 864 4157 negare,
889 4086 1128 4157 propugnare

77 4193 116 4253 et
128 4178 297 4251 refellere
310 4175 593 4272 propositiones
606 4191 692 4249 sunt
707 4187 810 4248 actus
822 4175 1038 4247 voluntatis:
1059 4176 1127 4248 sed

76 4317 152 4367 non
169 4292 253 4365 ideo
271 4289 436 4386 sequitur
454 4312 643 4362 assensum
669 4292 857 4363 internum
876 4288 1083 4385 dependere
1103 4314 1127 4360 a

76 4407 279 4481 voluntate.

125 4520 211 4594 Non
228 4519 354 4615 itaque
372 4518 461 4591 satis
480 4515 756 4591 demonstratur
770 4518 956 4591 conclusio
971 4539 1051 4612 quae
1069 4541 1123 4589 se·
