2656 5136
150 644 228 713 298
566 658 790 714 nrrsronn.

13 837 105 883 w
150 826 200 901 sit
215 822 508 901 considerandus
533 836 577 901 ιιι
603 827 744 902 habens
765 824 1016 916 latitudinem,
1042 828 1130 927 jem
1157 838 1215 905 est

149 940 323 1028 refutata,
339 952 378 1015 et
394 951 639 1037 pugnatcom
656 939 961 1038 decimaquarta
1006 940 1097 1017 Nec
1113 940 1216 1019 velet

150 1056 231 1150 ejus
248 1053 429 1151 probatio,
446 1052 496 1129 ed
518 1076 631 1151 quam
653 1055 772 1151 gratis
795 1053 950 1129 assumit
966 1054 1216 1131 concidetur

150 1166 303 1242 radium
320 1190 392 1241 erro
415 1166 571 1241 aruino
593 1164 743 1266 lorgis-r
762 1168 918 1265 operari
934 1192 1045 1265 qm
1065 1166 1214 1245 altem

147 1279 253 1377 ¹quod
276 1304 387 1355 nemo
403 1279 474 1377 ipsi
491 1280 684 1373 concedet,
702 1282 767 1378 qui
791 1280 938 1355 radium
959 1281 1111 1379 absque
1127 1282 1215 1359 lsti-

149 1392 282 1468 tudine
298 1392 559 1469 considerabit

202 1508 405 1605 Sequentia
414 1506 783 1605 usqueaddecimam
796 1523 968 1607 quartam
980 1510 1217 1609 propositio·

150 1645 249 1711 nem,
276 1622 365 1697 satis
388 1633 433 1697 ut
459 1634 554 1719 puto
581 1634 789 1721 sequuntur
815 1646 863 1697 ex
889 1624 970 1721 ejus
996 1622 1213 1721 principiis.

150 1736 257 1823 Dico,
274 1744 439 1834 utputo:
458 1736 547 1833 quia
561 1736 652 1811 ιιιιίιι
667 1747 813 1810 attente
829 1760 907 1811 non
923 1735 1012 1833 legi,
1024 1748 1072 1810 nt
1089 1739 1216 1813 ausim

150 1850 345 1923 affirmare.
391 1847 580 1924 Ceterum
595 1871 673 1923 non
690 1848 826 1923 mirum
842 1849 1019 1947 estquod
1035 1872 1088 1925 ex
1105 1850 1216 1927 falsis

151 1962 416 2059 hypothesibus
432 1974 611 2059 sequntur
622 1984 764 2050 verum,
776 1961 865 2058 quia
881 1962 963 2036 illas
974 1960 1217 2061 hypotheses

149 2074 199 2149 ad
215 2074 412 2149 veritatem
429 2070 500 2149 hibi
515 2085 606 2149 ante
622 2074 814 2171 cognitam
830 2074 1151 2151 accommodavit.

200 2189 246 2262 ln
264 2190 338 2261 fine
355 2188 420 2261 De
439 2185 1005 2286 eohribu,nihi1habetquod
1021 2211 1106 2265 uon
1123 2202 1216 2267 unte

150 2301 373 2398 scripserim,
391 2298 462 2373 nisi
480 2298 581 2397 quod
597 2322 678 2374 rem
694 2300 921 2375 sufficienter
937 2324 1014 2377 non
1028 2302 1215 2401 explicet.

150 2416 200 2489 Ει
232 2414 329 2488 male
358 2412 412 2487 ait
444 2436 516 2501 me,
544 2413 715 2509 globulos
746 2415 1002 2512 supponendo,
1039 2418 1217 2512 priorem

151 2552 272 2602 meam
290 2525 521 2623 hypothesim
545 2526 788 2600 destruxisse:
815 2528 902 2624 quia
923 2527 1008 2601 illos
1032 2530 1216 2624 globulos

152 2638 407 2726 describendo,
432 2661 506 2711 non
537 2639 715 2712 affirmavi
747 2640 839 2713 nihil
869 2665 947 2713 esse
973 2641 1013 2714 in
1035 2644 1215 2740 spatiolis

150 2778 236 2852 quae
252 2753 322 2850 ipsi
339 2776 414 2826 uon
432 2752 592 2848 replent:
612 2777 681 2827 nec
705 2778 799 2850 opus
822 2754 934 2827 habui
955 2755 1067 2851 plura
1092 2759 1212 2855 expli·

151 2891 247 2957 care,
278 2890 389 2965 quam
419 2890 502 2963 quae
531 2866 580 2940 ad
607 2867 818 2941 institutum
848 2892 971 2942 meum
1000 2869 1210 2946 faciehant

150 2987 331 3083 Denique,
350 2996 393 3057 ut
411 2985 523 3058 verbo
541 2984 742 3074 absolvam,
762 3008 808 3059 ne
833 2985 1024 3058 minimam
1051 2989 1212 3084 quidem

150 3101 331 3174 rationem
347 3099 385 3171 in
399 3110 479 3172 toto
490 3099 562 3172 hoc
576 3099 715 3195 scripto
730 3099 850 3194 reperi
864 3124 887 3171 a
899 3100 991 3173 meis
1006 3099 1211 3195 diversam,

151 3239 234 3313 quae
251 3238 338 3289 vera
356 3226 393 3287 et
408 3213 575 3311 legitima
591 3236 672 3287 esse
689 3212 868 3286 videatur.

303 3498 381 3551 nss
402 3497 559 3551 caurus
574 3497 632 3551 nu
647 3499 754 3551 runs
774 3480 1049 3553 mensuruus&

251 3641 344 3713 Mon
362 3637 542 3712 reverend
559 3639 663 3728 Pero,

201 3754 326 3850 hyant
337 3750 565 3824 lualoisirle
584 3750 730 3823 dernier
745 3753 837 3825 ecrit
852 3752 897 3825 de
911 3765 1016 3825 votre
1031 3756 1207 3855 AngloiS,

146 3866 186 3963 je
216 3866 292 3939 suis
320 3864 565 3937 entierement
594 3864 772 3936 confirme
795 3888 841 3937 en
865 3865 1043 3960 l’opinion
1069 3894 1146 3966 que
1170 3877 1207 3970 je

150 4001 242 4052 vous
259 3976 407 4049 mandui
420 3976 445 4049 il
462 4001 486 4072 y
501 3975 643 4069 ahuit†
656 3976 761 4072 jours
780 4002 851 4075 que
864 3978 996 4073 j’avois
1016 3979 1064 4054 de
1083 3983 1153 4072 lui,
1169 4002 1206 4061 et

145 4095 186 4189 je
200 4092 290 4189 juge
304 4114 376 4187 que
389 4089 424 4162 le
438 4088 605 4162 meilleur
618 4101 759 4185 estque
773 4092 811 4187 je
826 4091 917 4163 n’aie
931 4093 1037 4187 point
1052 4095 1106 4170 du
1124 4112 1207 4181 tout

151 4208 197 4281 de
228 4227 434 4278 commerce
462 4227 551 4276 avec
581 4203 645 4291 lui,
673 4215 712 4275 et
741 4228 836 4300 pour
860 4218 957 4277 cette
980 4206 1032 4278 fin
1066 4235 1143 4307 que
1167 4216 1205 4312 je

150 4320 394 4394 m’abstienne
411 4316 457 4390 de
475 4317 528 4390 lui
545 4316 740 4414 repondre.
794 4318 866 4390 Car
883 4319 939 4392 s’il
966 4332 1024 4392 est
1042 4321 1092 4395 de
1111 4325 1208 4400 l'hu·

148 4588 166 4623 *
182 4586 268 4656 Date,
278 4583 433 4660 according
447 4591 478 4641 to
487 4580 607 4653 Cousin,
619 4583 637 4639 4
650 4581 726 4640 Mar.
745 4584 830 4640 1641.
876 4581 891 4658 †
908 4583 1207 4652 Quiane-Consus.
