2656 5136
242 647 310 714 120
540 663 624 717 1.er
645 662 967 717 marnnmsrrcs.

36 848 221 891 nmoven-
234 829 535 924 suppositionem,
565 829 666 926 qnod
696 830 727 903 si
761 854 869 904 arcus
898 829 1126 905 divideretur
1158 831 1198 907 in
1223 844 1275 909 tot

49 929 193 1034 Q
235 955 358 1039 partes
392 944 550 1040 aequales
582 943 621 1017 in
660 955 754 1041 quot
790 943 906 1017 dividi
943 943 1180 1040 intelligibile
1212 960 1274 1037 est,

235 1056 391 1129 chordas
419 1056 565 1131 illorum
593 1081 745 1131 arcuum
779 1057 887 1131 simul
920 1069 1087 1153 sumptas
1120 1059 1274 1155 aequalcs

235 1193 313 1241 esse
343 1169 430 1265 ipsis
458 1172 616 1243 arcubus
645 1169 753 1243 simul
779 1170 947 1266 sumptis.
998 1171 1054 1244 Ex
1084 1194 1131 1244 eo
1157 1186 1275 1247 sutem

233 1283 380 1376 probat,
404 1281 503 1378 quod
523 1283 554 1355 si
573 1283 733 1379 aequales
757 1307 833 1356 non
855 1283 942 1370 sint,
959 1306 1041 1356 esse
1068 1307 1134 1357 eos
1160 1284 1275 1361 adhuc

234 1408 413 1491 perpetuo
432 1395 656 1469 bisecabiles.
708 1396 838 1492 ltaque
856 1397 1077 1469 sententiam
1096 1397 1169 1471 hac
1185 1398 1224 1471 in
1239 1420 1275 1472 re

235 1508 422 1604 disjungo:
458 1520 523 1581 aut
556 1532 631 1581 non
666 1523 851 1582 assuetum
885 1508 1093 1582 Wallisium
1129 1510 1275 1585 lectioni

233 1619 588 1694 demonstrationum
613 1622 921 1717 geometricorum
937 1634 1093 1718 propter
1115 1623 1273 1698 studium

232 1733 404 1829 algebrae,
416 1733 766 1806 demonstrationem
782 1733 960 1807 Hobbesii
979 1734 1191 1831 intelligere
1206 1760 1275 1810 non

231 1847 411 1941 potuisse:
437 1859 514 1936 aut,
540 1845 690 1919 tuendae
717 1845 910 1941 dignitatis
937 1870 1060 1937 causa,
1079 1847 1217 1923 dixisse
1237 1849 1273 1923 id

233 1959 332 2055 quod
365 1961 505 2033 sciebat
539 1984 618 2033 esse
650 1959 795 2033 falsum.
856 1959 1089 2034 Sententiam
1122 1961 1276 2060 accipiat

232 2087 355 2146 utram
384 2074 500 2148 malit.
563 2074 620 2147 De
649 2072 900 2171 propositione
929 2071 1011 2169 ipsa
1044 2074 1099 2148 sic
1134 2099 1274 2150 censeo.

231 2187 330 2260 Vera
346 2200 414 2274 est,
433 2211 541 2275 nova,
558 2187 653 2260 bene
670 2185 935 2275 demonstrata,
952 2184 1108 2282 illisqui
1126 2188 1274 2263 ductum

231 2301 411 2373 orationis
424 2301 548 2373 animo
562 2312 707 2373 attento
722 2299 826 2395 sequi
839 2299 977 2371 vellent
990 2299 1273 2391 evidentissimo,

231 2413 406 2486 methodo
432 2413 642 2501 artificiosa,
660 2412 835 2509 generali,
854 2424 891 2485 et
908 2436 1133 2509 quamquam
1152 2414 1274 2512 hepta·

231 2550 342 2621 gono,
374 2538 598 2621 pentagon0‚
634 2538 671 2599 et
710 2527 858 2622 trigono
900 2538 1046 2598 tantum
1082 2529 1272 2624 applicata,

231 2638 401 2710 omnibus
420 2639 613 2735 polygonis
632 2638 857 2734 applicabili.

280 2753 486 2849 Propositio
504 2751 634 2824 Roseti
650 2752 697 2840 iv,
709 2751 934 2847 geometrica
948 2751 1105 2846 quaestio
1124 2767 1271 2843 nonest,

228 2863 293 2936 sed
324 2888 451 2937 sensus
479 2865 683 2937 communis
714 2865 789 2937 sive
820 2864 974 2937 rationis
1005 2867 1187 2940 naturalis
1212 2891 1273 2963 per

228 2999 337 3073 qnam
355 2978 451 3050 fiunt
467 2976 710 3051 definitiones.
764 2977 861 3050 Nam
880 2977 944 3073 qui
969 2979 1103 3073 quaerit
1122 2978 1272 3053 duarum

227 3091 407 3163 linearum
426 3092 502 3163 sive
520 3091 809 3186 superficierum,
827 3103 913 3162 utra
937 3091 985 3162 sit
1009 3093 1129 3186 magis
1154 3117 1270 3182 curra,

228 3204 331 3276 curvi
349 3204 479 3298 quaerit
496 3216 686 3275 naturam:
713 3226 823 3298 quam
842 3201 1053 3275 Hobbesius
1078 3206 1270 3279 consistere

228 3318 318 3390 dicit
342 3318 381 3388 in
399 3316 561 3389 discessu
577 3341 600 3388 a
616 3315 837 3389 rectitudine
862 3338 929 3410 per
945 3316 1136 3407 flexiones,
1155 3318 1193 3390 id
1210 3331 1269 3406 est,

226 3432 406 3504 minorem
420 3454 499 3503 esse
512 3429 748 3503 curvedinem
765 3427 893 3500 circuli
910 3428 1060 3524 majoris
1080 3455 1190 3526 quam
1209 3433 1269 3503 mi-

226 3547 348 3618 noris:
376 3545 562 3631 nimirum,
579 3543 665 3639 quia
683 3541 858 3638 majorem
876 3541 997 3614 minus
1025 3543 1142 3617 afficit
1168 3544 1268 3618 flexio

226 3659 356 3732 eadem
369 3682 478 3754 quam
497 3658 688 3728 minorem.

276 3772 542 3845 Describautur
559 3769 655 3842 enim
676 3769 754 3864 (fig.
773 3768 824 3861 iv)
846 3766 919 3841 duo
938 3768 1066 3841 circuli
1094 3784 1223 3845 centro
1239 3771 1266 3844 Α

226 3884 464 3971 concentrici‚
490 3883 630 3969 BCDE,
646 3882 762 3954 dode:
788 3881 851 3977 qni
882 3882 994 3955 rectis
1023 3883 1102 3973 BD,
1117 3886 1181 3957 EC
1208 3907 1267 3982 per

225 4011 395 4072 centrum
430 3996 642 4069 dividantur
677 3995 951 4091 quadrifariam.
1018 3996 1153 4072 Ductis
1187 4021 1264 4095 ergo

222 4111 371 4186 chordis
386 4110 465 4197 BC,
481 4109 558 4197 CD,
570 4109 647 4196 DE,
662 4109 738 4197 ΕΒ,
752 4109 807 4198 bc,
823 4109 882 4197 cd,
894 4107 953 4197 de,
968 4108 1023 4198 eb,
1037 4113 1264 4185 manifestum

222 4240 281 4300 est
299 4229 459 4299 minores
472 4246 552 4294 esse
569 4222 725 4294 chordas
742 4222 895 4293 minoris
913 4221 1043 4294 circuli
1067 4245 1178 4317 quam
1195 4246 1263 4294 ma·

217 4340 323 4436 juris,
341 4343 381 4413 in
400 4349 637 4434 quotcunque
655 4348 779 4431 partes
797 4335 954 4431 aequsles
977 4345 1135 4432 uterque
1158 4337 1262 4408 circu·

221 4456 345 4527 lussit
363 4451 512 4526 divisus.
566 4451 649 4522 Plus
668 4473 757 4544 ergo
776 4461 889 4521 restat
915 4448 1022 4519 lineae
1051 4473 1126 4522 non
1154 4451 1259 4533 flexae,

222 4568 261 4641 id
279 4581 335 4642 est
353 4577 478 4654 recten,
497 4565 535 4637 in
554 4564 690 4660 majore
710 4587 819 4659 quatu
846 4563 883 4634 in
908 4561 1063 4635 minore.
1116 4561 1259 4637 Accedit
