2656 5136
323 32 1217 479 ¹¹¹!

111 593 185 661 400
533 606 733 661 ussrorus

152 770 315 855 Jusanue
330 768 498 837 Pontificis
507 768 812 855 jussevoenreDei.
1101 776 1176 841 lslu.

110 869 193 936 Haec
206 892 317 936 omnes
331 891 465 935 sonuere
482 868 617 947 Scholae,
632 871 769 935 docuere
785 866 992 949 Cstlrsdnn,

155 974 182 1036 Α
199 968 290 1035 cunis
304 968 417 1035 didicit
430 967 476 1035 sic
489 990 570 1055 puer
583 990 651 1035 esse
664 968 747 1055 pius.

110 1072 324 1159 Contemptus
338 1070 467 1157 Regum
481 1070 587 1159 surgit
599 1094 673 1139 cum
687 1070 887 1159 relligione:

155 1171 202 1237 Et
217 1171 318 1258 plebs,
333 1170 421 1236 civili
434 1170 536 1239 libent
548 1170 630 1257 lege,
644 1168 735 1237 finit.

111 1271 240 1357 Nempe
255 1270 327 1336 Deo
342 1269 446 1336 visum
460 1278 511 1335 est
524 1280 604 1335 tunc
616 1268 739 1335 solvere
752 1266 894 1355 singul·
908 1292 1052 1359 regum,

155 1369 222 1453 Qui
237 1392 312 1434 mox
326 1367 474 1435 stultitiae
488 1369 622 1435 verbere
633 1366 732 1455 digne
745 1366 868 1435 ferent.

111 1470 177 1535 See.
199 1468 235 1533 N
236 1491 277 1534 on
293 1491 353 1555 ego
369 1466 551 1533 Alexandri
565 1466 692 1555 Msgni,
707 1488 767 1533 nec
781 1466 930 1533 Omnis
944 1478 1031 1537 acts

156 1567 307 1653 Amplius
321 1566 470 1645 admiror,
486 1565 719 1633 Hannibalisve
732 1564 847 1631 dolos:

113 1665 180 1750 Qui
195 1666 257 1733 sibi
271 1666 360 1753 largn
374 1664 516 1751 quidem,
533 1664 588 1731 sed
602 1664 768 1752 sunguine,
783 1684 893 1753 regns
908 1680 1103 1753 perannum

156 1764 255 1830 Parte
270 1774 379 1831 tenere
395 1776 502 1830 tomen
517 1786 582 1829 non
597 1773 731 1850 potuere
744 1760 811 1827 diu.
1106 1768 1180 1833 1920

114 1864 210 1948 Quod
225 1862 332 1949 potuit
345 1863 508 1949 subjectus
522 1862 678 1929 inertibus
691 1882 760 1927 esse
773 1858 950 1949 magistris

155 1962 362 2029 Perdomitus
376 1960 525 2039 mundus,
540 1960 619 2027 dum
633 1970 760 2048 reputo,
773 1970 907 2047 stupeo.

114 2063 228 2132 Castra
243 2061 372 2147 quidem
388 2059 500 2127 videor
523 2082 598 2125 num
614 2070 691 2125 suut
704 2058 840 2145 collegis
853 2072 984 2129 castre

157 2164 258 2228 Arma
272 2172 380 2227 tumen
393 2158 521 2245 desunt,
535 2170 570 2224 et
580 2158 699 2244 quibus
712 2180 800 2223 orme
814 2156 950 2227 darent.

113 2263 175 2327 Pr.
200 2262 307 2326 Etrus.
352 2258 548 2325 Pontificum
564 2258 628 2325 fuit
642 2258 866 2345 unusquisque
882 2262 1041 2343 satelles,

158 2360 305 2444 Queque
320 2358 441 2423 dabunt
452 2379 544 2443 reges
557 2380 655 2435 ormo,
671 2356 795 2423 serebat
808 2355 867 2424 eis.

116 2466 180 2527 Sec.
206 2460 293 2535 Heu,
311 2456 427 2523 Schola
441 2456 545 2541 qunlis
560 2467 629 2522 erat
643 2456 804 2543 capiendis
818 2457 983 2527 machina
997 2464 1135 2551 regnis!

161 2558 287 2645 Ingenii
303 2557 472 2643 plusquam
489 2554 690 2621 Mercurialis
702 2578 792 2641 opus,

119 2657 268 2733 Vinculn,
284 2680 356 2741 qum
370 2656 497 2722 mollem
513 2666 690 2722 tenuerunt
704 2654 808 2720 serres
823 2652 991 2737 Mortem,

159 2758 269 2822 Firma
282 2758 371 2822 fuere
386 2755 501 2833 minus,
517 2778 621 2820 crussn
634 2755 724 2820 fuere
739 2752 850 2839 magis.
1108 2768 1185 2827 1930

117 2859 223 2922 Teuta
237 2880 307 2921 men
322 2879 486 2940 nunquam
502 2855 658 2940 supientia
672 2853 765 2918 leude
780 2854 917 2932 carebit,

160 2956 224 3040 Qui
239 2979 309 3021 sum
325 2954 469 3020 stultitite
489 2954 635 3020 conscius
650 2954 717 3040 ipse
732 2976 817 3019 mem.

120 3058 177 3122 Pr.
201 3056 291 3121 Voss
306 3054 435 3139 quidem
451 3063 484 3118 et
499 3076 645 3118 nummos
660 3052 752 3118 limile
767 3062 816 3116 est
830 3053 1027 3125 subducere
1044 3061 1147 3137 furto,

162 3156 207 3221 Et
221 3166 391 3241 sceptrum,
407 3152 433 3217 si
449 3152 507 3230 vis,
522 3164 556 3217 et
570 3152 715 3217 diudeum
728 3151 839 3216 simul:

117 3256 280 3343 Regnum,
295 3251 422 3317 difficile
437 3262 505 3316 cst:
529 3250 600 3316 fieri
615 3251 670 3317 scd
686 3264 827 3335 tempore
843 3249 948 3339 longo

161 3352 317 3421 Possibile
332 3362 390 3417 est
435 3350 533 3415 AEtns
548 3351 654 3415 omnis
669 3351 765 3437 longo
780 3359 899 3435 potest.

120 3455 278 3520 Movisset
292 3463 385 3517 terrm
403 3449 530 3517 Siculus
541 3450 704 3516 mirabilis¹
722 3451 841 3524 orbem,

164 3553 200 3620 Si
214 3553 303 3618 locus
319 3562 403 3616 esset
417 3550 473 3615 ubi
488 3561 589 3614 steret
599 3550 633 3614 in
648 3552 724 3615 orbe
739 3549 829 3614 nlius.

120 3652 251 3718 Partem
262 3649 366 3736 operis
381 3648 407 3714 si
422 3649 478 3713 dat
492 3650 588 3714 breve
603 3660 740 3735 tempus,
757 3660 902 3733 tempore
918 3653 1034 3723 multo

162 3749 314 3816 Perficiet
328 3758 443 3825 totum,
460 3748 518 3833 qui
534 3758 623 3814 tenet
638 3748 671 3813 id
685 3749 772 3833 quod
787 3748 894 3814 habet.
1106 3764 1187 3825 1940

120 3850 216 3917 Unco
231 3850 285 3914 fur
300 3860 396 3913 noetu
411 3847 561 3913 subducit
576 3849 719 3934 stragula
732 3847 842 3914 lectis:

164 3948 328 4014 Pastorole
343 3948 470 4033 pedum,
486 3947 589 4025 erede,
606 3948 692 4033 quod
709 3970 809 4012 uncus
823 3958 902 4013 erut.

122 4048 261 4116 Furtum
276 4071 316 4115 ne
331 4047 459 4114 laudes:
484 4071 548 4113 non
560 4058 609 4113 est
624 4047 787 4133 sapientis,
803 4046 859 4112 sed
874 4048 978 4128 fraus,

165 4151 246 4234 Qum
260 4172 424 4233 nunquam
440 4147 563 4235 mugnis
579 4148 696 4214 insidet
709 4146 854 4234 ingeniis.

120 4252 185 4317 Sec.
211 4249 275 4316 Sed
290 4248 368 4334 quid
382 4250 482 4335 ngas?
526 4246 561 4310 N
562 4247 640 4312 elles
656 4246 801 4333 Collegit
812 4245 932 4313 habere
948 4259 1005 4317 tot
1019 4278 1134 4343 agros,

165 4351 236 4415 Aut
250 4360 316 4415 tum
332 4347 513 4435 magnificos
529 4356 642 4431 totque
661 4345 805 4411 habiture
819 4344 957 4413 domos?

524 4536 531 4568 ¹
552 4544 755 4616 [Archimedes]
