2656 5136
128 636 201 704 382
551 648 754 703 rrrsronrs

172 817 275 898 Quem
290 836 393 900 genus
407 812 582 879 homonum
596 815 668 880 luce
682 816 777 881 beare
791 836 875 879 sus:

128 914 176 980 Et
190 924 263 1000 post
278 924 446 990 terrerum,
460 913 612 981 eoelorum
626 936 771 1000 quaerere
784 936 933 1001 regnum
948 941 957 980 :

172 1012 224 1079 Ut
238 1034 378 1097 serpens,
392 1012 538 1099 snpicns3
561 1012 777 1099 simplicitate,
789 1034 883 1099 puer.

127 1113 189 1178 Pr.
211 1112 274 1193 τᾷδ’
287 1112 378 1187 ἕτερον
390 1111 444 1191 μὲν
458 1111 537 1173 ἔδακε
550 1114 649 1187 πάτῳ,
659 1114 754 1191 ἕτερον
767 1112 944 1174 d'dvsrn'm.

171 1209 300 1295 Nempe
314 1210 427 1275 datum
440 1210 532 1296 prius
545 1221 605 1289 cst,
620 1210 780 1297 posterius
792 1210 948 1277 minime.

129 1309 248 1377 Omnia
262 1309 441 1375 Pontifices
455 1322 649 1396 supererunt
661 1308 822 1387 enoduls¹‚
838 1322 1022 1397 quotquot

173 1408 329 1474 Producit
343 1408 449 1486 tellus,
464 1408 640 1475 calliditate
654 1431 722 1474 sus.

131 1505 196 1574 Sed
210 1530 344 1594 regnum
359 1507 490 1593 duplex,
508 1508 692 1572 demulcet
706 1506 896 1593 Spirituele,

172 1604 250 1671 Non
264 1606 372 1671 nimiae
386 1606 513 1692 signum
528 1605 741 1691 simplicitatis
754 1615 834 1669 crat.

130 1704 203 1771 Nec
217 1705 323 1791 Papus
338 1706 448 1771 credes
461 1705 563 1791 egisse
577 1726 636 1791 per
649 1704 716 1771 otis
728 1704 822 1779 vitos,

172 1804 208 1869 N
209 1828 247 1872 ee
262 1804 350 1889 quod
363 1805 524 1891 agendum
538 1803 625 1869 ultro
637 1802 685 1868 nil
699 1803 840 1867 habuere
855 1814 972 1888 putes.

130 1904 219 1972 Vota
234 1904 399 1969 hominum
413 1926 539 1989 semper
552 1902 636 1969 votis
649 1912 810 1989 augentur
823 1901 960 1987 odeptis
974 1927 983 1965 :

174 2004 340 2069 Aecedcns
354 2013 462 2089 partos
475 2002 568 2088 copis
580 2011 687 2067 servet
700 2024 787 2087 opes.

131 2103 278 2169 Piscator
293 2102 418 2167 solitum
433 2124 497 2168 non
512 2100 637 2187 spernit
650 2100 784 2165 callidus
797 2110 917 2180 artem,

175 2201 352 2285 Quantavis
366 2201 473 2287 praedc
486 2201 610 2267 retibus
623 2200 787 2287 implicite.

131 2300 199 2367 Res
214 2302 283 2388 egit
298 2301 351 2366 ille
362 2324 436 2365 suus
449 2323 582 2387 semper.
627 2300 694 2366 Vel
707 2301 789 2367 retis
802 2302 913 2381 sarcit,

176 2401 212 2466 Si
228 2424 293 2485 quo
307 2400 452 2486 perrupit
466 2422 582 2487 magne
595 2400 710 2465 bulenn
722 2400 810 2465 loco:

132 2501 207 2566 Aut
217 2500 326 2565 hamos
338 2500 472 2565 fortasse
486 2523 584 2564 novas
599 2500 772 2564 meditetur
785 2510 819 2565 et
833 2522 926 2567 escas

175 2599 332 2675 Piscibus,
348 2609 405 2663 aut
419 2598 549 2682 aliquod
564 2609 690 2664 nectere
704 2599 826 2664 fraudis
840 2623 944 2686 opus:
1119 2610 1195 2671 1:³50

132 2698 204 2763 Aut
218 2698 281 2763 illis
296 2697 429 2783 placitos
444 2719 587 2761 escarum
602 2697 751 2762 adhibere
767 2698 899 2776 colores,

174 2797 210 2861 N
211 2798 286 2863 oxiu
301 2797 353 2862 vel
367 2795 477 2861 nitidis
493 2796 661 2881 pharmaca
675 2796 792 2880 (luserit
806 2798 911 2881 aquis.

133 2894 315 2980 Omniaque
331 2895 453 2960 emissis
468 2906 630 2960 scrutetur
643 2894 737 2960 litora
752 2895 861 2973 servis,

176 2997 256 3078 Quae
269 2995 364 3082 sugit,
380 3006 414 3059 et
429 3016 503 3077 quse
519 2994 592 3077 quis
606 2993 702 3059 litora
716 2994 810 3079 piscis
825 3008 922 3061 ornat

133 3094 217 3160 Tum
232 3118 322 3180 quos,
338 3105 372 3159 et
387 3094 514 3177 quibus,
527 3103 559 3158 et
575 3094 687 3177 quanti
702 3094 830 3171 vendat,
845 3118 931 3161 nova
947 3120 1031 3164 cura
1045 3113 1117 3167 est:

176 3195 222 3260 Et
235 3216 354 3260 mensae
370 3193 471 3279 pisces
486 3216 567 3278 quos
582 3192 719 3258 retinere
734 3216 816 3258 sure:

131 3296 219 3378 Quos
233 3295 298 3360 sule
313 3303 511 3379 conspergat,
528 3292 683 3377 compluri
700 3317 780 3377 quos
795 3293 859 3358 sule
874 3294 973 3363 duret
987 3323 996 3374 3

171 3394 219 3459 Et
232 3394 305 3479 quis
320 3415 516 3459 marcescens
532 3391 729 3476 abjiciendus
745 3393 816 3457 erit

132 3492 228 3559 Adde
243 3493 329 3577 quod
345 3504 378 3557 et
392 3492 503 3557 multis
518 3515 596 3558 cura
609 3502 668 3568 est,
684 3503 718 3557 et
732 3491 880 3569 maxima,
897 3495 984 3559 nat-is

175 3592 408 3658 Perduraturas
422 3592 579 3657 {edificare
594 3614 690 3656 cusas.
1113 3602 1193 3663 1260

132 3692 352 3759 Circumstant
366 3691 484 3757 similes
498 3714 583 3756 eurae
601 3691 742 3776 Papsm;
766 3690 953 3775 similesque

176 3792 241 3855 Ars
256 3801 305 3855 est
318 3816 327 3864 ;
352 3801 385 3855 et
400 3812 524 3875 semper
538 3812 589 3854 res
604 3789 672 3875 egit
687 3790 740 3855 ille
755 3812 836 3854 suas

135 3889 371 3973 Princibusquc
386 3900 479 3975 parat
494 3912 577 3954 nova
591 3889 720 3955 vincula
734 3888 909 3975 relligionis

176 3988 312 4066 Tenuis,
329 4012 402 4073 quae
417 3988 515 4053 saciet
528 3990 625 4053 fortio
639 3990 803 4054 stultities.

133 4088 363 4172 Doctrinisque
376 4087 467 4153 novis
482 4090 588 4166 sarcit,
605 4090 631 4154 si
646 4090 789 4175 postulet
803 4112 890 4167 usus,

176 4189 251 4253 Aut
265 4187 368 4253 levius
383 4187 489 4252 reddit
503 4188 676 4275 relligionis
690 4212 779 4254 onus.

135 4288 207 4352 Aut
221 4287 350 4374 aliquod
366 4297 544 4351 monstrum
560 4288 724 4365 doctrinm,
740 4312 758 4354 e
773 4288 893 4374 pyxide
909 4290 1033 4372 Circes,

176 4386 289 4464 Ornat,
306 4387 352 4451 ita
365 4395 404 4451 ut
418 4386 566 4472 Pytheos
580 4388 724 4453 crederet
738 4412 805 4454 esse
820 4411 923 4453 suum.

1015 4536 1182 4545 .-ιι--ι--σ

338 4587 345 4616 ¹
367 4588 518 4655 [rvddolom
531 4587 617 4640 locutio.
655 4590 721 4643 l'ide
734 4591 938 4659 Glossarium]
