2656 5136
248 650 321 716 222
547 664 787 722 nutemus
807 662 996 719 omens.

63 850 147 892 ruor-
163 853 208 894 ιιι.
247 828 337 903 dum
348 829 427 920 ΑΒ,
444 855 468 904 a
484 853 558 929 quo
573 845 678 907 moto
694 832 743 908 ud
757 832 826 907 CD
842 854 931 929 pers
947 828 1059 905 modii
1076 850 1161 927 qure
1173 826 1273 901 iuter·

61 919 204 955 *W
243 944 345 1037 jacet
371 944 470 1018 iuter
485 945 553 1020 AB
579 958 618 1020 et
635 944 714 1036 cl),
737 943 980 1042 protrudatur
996 942 1084 1017 ud*
1155 944 1171 977 ¹

246 1056 323 1128 EF:
342 1069 417 1129 eta
432 1070 539 1154 parte
555 1058 669 1133 medii
682 1082 767 1155 quae
779 1054 1045 1133 erutiuterOD
1069 1074 1084 1105 ⁶
1157 1070 1173 1103 ⁰

247 1182 286 1241 et
297 1170 370 1259 EF,
384 1184 556 1266 promota
570 1171 726 1246 ulterius
739 1171 787 1245 ud
803 1171 888 1257 GH,
900 1169 1048 1269 propel·
1067 1197 1083 1229 ι
1157 1196 1172 1225 ¹

248 1280 347 1353 lutur
356 1306 441 1377 pars
459 1283 522 1356 illu
533 1307 618 1380 quae
630 1298 712 1359 eret
727 1286 826 1359 iuter
834 1284 897 1358 EF
909 1295 948 1358 et
959 1284 1046 1375 GH,
1066 1321 1083 1353 ο
1153 1318 1172 1351 ι

246 1394 401 1468 ulterius
427 1394 475 1468 ud
504 1397 572 1486 IK,
613 1410 653 1472 et
674 1398 728 1472 sic
752 1397 938 1495 deinceps,
967 1398 1085 1480 sive,
1155 1398 1170 1431 ¹

246 1505 387 1580 directe
427 1510 504 1584 sive
540 1535 630 1601 nou,
663 1523 756 1609 putu
786 1534 916 1585 versus
957 1510 1044 1584 LM.
1070 1522 1087 1553 ⁰

247 1621 416 1716 Spatium
453 1624 532 1719 jam
565 1624 665 1722 quod
698 1625 911 1698 continetur
945 1623 1046 1697 iuter
1204 1646 1219 1677 ι

245 1737 360 1811 lineas
378 1741 508 1829 AIOL,
529 1752 568 1815 et
599 1741 721 1831 ΒΚΜ,
745 1739 866 1815 estid
894 1738 995 1837 quod
1012 1762 1108 1813 voco
1135 1738 1275 1831 rudiuu,

246 1850 321 1922 sive
339 1853 436 1926 viam
462 1877 530 1950 per
556 1878 668 1952 quam
698 1867 823 1928 motus
843 1877 867 1926 a
888 1851 1013 1926 lucido
1040 1874 1111 1951 per
1132 1852 1276 1928 mcdiuu

247 1978 483 2060 propagatur.

605 2202 854 2258 Pnouostrlo
873 2201 932 2255 tv.

469 2331 617 2406 Radius
632 2342 691 2406 est
715 2331 880 2433 rpoticrrr
893 2328 1068 2405 solidum.

296 2483 483 2558 Quoniam
508 2484 607 2557 enirn
634 2481 759 2555 radius
781 2493 837 2553 est
862 2478 923 2553 vie
945 2502 1014 2576 per
1032 2503 1144 2577 quum
1171 2492 1277 2556 motus

244 2596 440 2693 projicitur
465 2620 488 2669 a
514 2596 648 2687 lucido,
667 2617 787 2690 neque
817 2604 939 2689 potest
966 2615 1047 2667 esse
1076 2606 1197 2669 motus
1220 2593 1278 2667 uisi

245 2713 434 2808 corporis:
462 2713 629 2809 sequitur
646 2711 790 2785 radium
807 2710 930 2783 locum
955 2734 1035 2784 esse
1052 2713 1226 2810 corporis,
1247 2722 1278 2783 et

245 2825 400 2924 proinde
417 2826 553 2900 habere
570 2839 646 2901 tres
664 2824 923 2899 dimensiones.
973 2825 1044 2899 Est
1059 2849 1151 2924 ergo
1171 2825 1278 2900 ruditu

246 2941 408 3038 spatium
425 2940 612 3016 solidum..

412 3154 596 3249 Definitio
613 3152 720 3226 rodii
736 3152 876 3227 directi
891 3162 929 3226 et
952 3152 1129 3251 refracti.

296 3308 436 3382 Radius
454 3308 620 3382 directus
647 3319 716 3396 est,
735 3306 798 3403 qui
822 3317 945 3379 sectus
962 3306 1075 3402 pluuo
1093 3330 1161 3403 per
1175 3306 1273 3393 axin,

244 3421 394 3494 exhibet
423 3421 463 3494 iu
492 3421 602 3518 plano
632 3433 781 3494 secante
809 3421 968 3516 figuram
994 3420 1274 3517 parallelogram-

245 3558 355 3624 mam,
372 3548 416 3608 ut
433 3536 514 3609 ΑΚ.
567 3534 706 3608 Radius
723 3533 914 3632 refractus
931 3544 1000 3624 est,
1018 3535 1085 3631 qui
1106 3530 1274 3632 componi·

245 3658 307 3721 tur
325 3672 371 3720 ex
388 3648 539 3721 directis
556 3647 732 3744 angulum
746 3647 980 3736 facientibus,
993 3671 1071 3721 uua
1084 3671 1171 3721 cum
1184 3653 1273 3743 purte

245 3759 488 3833 intermedio:
514 3770 558 3833 ut
574 3759 698 3832 rudius
718 3757 794 3832 ΑΜ
821 3759 1016 3857 refractus
1039 3758 1188 3848 dicitur,
1203 3755 1273 3853 quit

245 3873 479 3970 componitur
497 3897 542 3947 ex
568 3872 718 3947 directis
734 3871 806 3946 AK
828 3885 869 3946 et
885 3872 965 3962 KL,
982 3895 1060 3947 unu
1081 3896 1167 3947 cum
1186 3879 1271 3970 purte

549 4175 734 4272 innitio
751 4173 856 4250 linere
873 4174 978 4249 lucis.

291 4328 445 4402 Lineam
458 4331 559 4404 uude
576 4329 673 4404 radii
689 4328 806 4400 latera
817 4325 1018 4423 incipiuutr
1036 4323 1192 4422 exempli
1205 4341 1268 4418 gn·

240 4442 305 4531 tia,
331 4442 468 4516 lineam
485 4443 566 4531 AB,
594 4441 694 4516 uude
716 4439 897 4535 incipiunt
920 4439 1040 4512 lutere
1062 4439 1115 4517 ΑΙ
1139 4449 1176 4512 et
1196 4430 1266 4508 BK:

239 4557 383 4652 appello
398 4557 538 4632 tineam
562 4554 661 4631 tucis
678 4552 902 4650 simpliciter.
953 4553 1151 4629 Liueurum
1165 4558 1267 4626 auton
