2656 5136
242 645 315 710 23¹2
541 658 781 715 natamus
801 659 990 714 omens,

56 848 132 889 nor.
149 850 214 892 vm.
242 826 327 898 Exit
346 850 435 923 ergo
455 827 581 903 radius
605 828 785 903 refractus
807 829 854 903 ab
871 828 952 924 ipsa
966 827 1029 901 EF
1044 824 1263 925 perpendicu-

56 918 198 954 ἡ*
241 939 380 1026 lariter,
408 965 521 1036 quare
547 942 622 1015 EM
650 956 705 1015 est
732 941 829 1016 linea
849 943 1021 1027 renaota,
1038 940 1168 1014 eadem
1194 964 1264 1013 oum

240 1053 318 1126 ED,
375 1054 505 1152 ltaque
534 1056 568 1130 si
600 1055 725 1131 radius
758 1055 897 1130 incidat
929 1067 1003 1129 ete.
1059 1054 1172 1131 Quod
1200 1064 1267 1127 erat

239 1169 482 1265 probandum.

290 1282 396 1354 Patet
411 1282 499 1355 hino
515 1281 623 1370 ratio,
640 1304 755 1378 quare
777 1280 949 1355 dominus
965 1280 1041 1355 Des
1058 1282 1198 1371 Certen
1213 1279 1265 1353 do

238 1419 326 1466 oens
354 1418 421 1466 nos
447 1393 634 1492 quomodo
657 1394 746 1468 vitri
776 1394 951 1468 retractio
974 1394 1200 1491 experiunda
1222 1405 1267 1467 est

236 1532 305 1604 per
322 1508 546 1604 triangulum
563 1508 819 1605 rectangulum
840 1512 940 1605 (pag.
965 1511 1067 1598 138),
1086 1509 1191 1604 jubet
1214 1530 1266 1580 an-

236 1622 364 1718 gulum
386 1622 589 1695 acutiorem
615 1619 851 1695 statuendum
868 1621 906 1694 in
923 1644 1006 1695 eam
1023 1636 1169 1719 partem
1184 1619 1265 1694 uude

237 1737 419 1808 avertitur
434 1735 533 1809 linea
548 1733 720 1823 refracta,
737 1747 781 1807 nt
797 1734 837 1807 in
858 1734 929 1807 hoo
952 1735 1135 1833 exemplo.
1185 1733 1264 1810 Quia

237 1849 318 1923 FIG
336 1861 391 1923 est
407 1847 720 1945 perpendicularis
739 1847 790 1921 ad
805 1848 873 1927 AB
889 1861 929 1922 et

95 1967 102 1977 '
238 1963 414 2036 inclinata
440 1961 489 2035 ad
505 1961 582 2046 AC,
600 1960 652 2035 ita
679 1972 723 2033 ut
751 1961 851 2035 linea
879 1962 927 2035 FI
1056 2032 1066 2063 ι

237 2075 462 2173 refringatur
485 2075 534 2150 ad
551 2074 610 2148 H:
634 2098 783 2151 necesse
808 2088 864 2150 est
886 2087 929 2149 nt
971 2101 986 2131 v
1096 2102 1112 2133 ο

238 2193 393 2288 angulus
423 2193 458 2266 A
486 2193 608 2267 minor
641 2192 690 2266 sit
723 2191 929 2265 semitecto.

238 2307 356 2380 Aliter
383 2308 479 2380 enim
497 2307 555 2380 lH
574 2304 794 2381 caderetrel
817 2304 856 2378 in
879 2305 927 2378 lc

1009 2417 1026 2448 n
1111 2412 1124 2442 ο
1226 2407 1238 2436 ¹¹

237 2421 295 2493 vel
313 2421 412 2492 iutra
427 2421 664 2516 triangulum.

288 2534 512 2606 Resistentia
529 2534 627 2606 enim
644 2533 731 2606 vitri
749 2532 797 2605 ad
822 2532 1069 2605 resistentiam
1095 2534 1183 2605 aeris
1198 2554 1254 2602 rna-

232 2649 294 2743 jor
311 2659 367 2719 est
384 2671 494 2742 quam
511 2670 578 2742 pro
597 2647 740 2718 ratione
764 2644 934 2717 diametri
960 2644 1009 2717 ad
1035 2646 1144 2718 latus.
1192 2644 1253 2716 Plus

238 2760 335 2831 enim
363 2759 542 2856 refrangit
559 2759 695 2831 vitrum
714 2782 825 2855 quarn
853 2782 971 2854 aqua:
1000 2783 1097 2854 aqua
1112 2783 1193 2831 vero
1215 2779 1254 2827 re-

237 2873 376 2968 frangit
399 2872 600 2946 secundum
624 2871 805 2946 rationem
830 2871 1001 2945 diametri
1029 2872 1078 2946 ad
1102 2874 1200 2960 latus,
1215 2867 1255 2941 rel

237 2980 475 3060 saltem'fere.

599 3235 848 3286 PROPOSITIO
869 3235 928 3285 lX.

238 3379 283 3451 Si
298 3378 433 3451 radius
451 3377 597 3450 incidat
614 3375 824 3474 adplunum
842 3376 953 3449 medii
966 3377 1161 3467 densioris,
1175 3376 1254 3471 cuju

288 3491 378 3563 tatio
395 3491 446 3562 rit
471 3499 620 3579 nutura,
639 3497 679 3559 ut
708 3488 858 3561 tardius
878 3502 1125 3588 propagetur
1152 3490 1207 3563 lar
1229 3486 1254 3556 in

286 3606 369 3703 ipro
396 3629 502 3701 quam
533 3604 571 3675 in
600 3625 692 3675 raro
723 3602 817 3674 ande
841 3602 940 3675 venit
969 3629 1015 3675 eu
1041 3603 1254 3703 proportione

286 3743 393 3813 quarn
418 3716 530 3789 habet
555 3715 656 3788 latur
682 3717 863 3812 quadrati
888 3716 944 3788 nd
967 3716 1206 3790 diametrum:
1229 3712 1255 3782 in

287 3831 382 3902 onrni
408 3828 646 3903 inclinatione
672 3829 748 3901 erit
773 3829 935 3927 angatur
954 3830 1148 3929 rqfraatua
1164 3830 1255 3903 ruina

286 3944 489 4016 seruirecto.

286 4106 342 4179 Sit
359 4107 520 4179 medium
537 4107 654 4181 rarius
667 4106 765 4202 quod
782 4118 838 4179 est
855 4130 966 4202 supra
978 4108 1058 4197 ED,
1070 4121 1109 4181 et
1122 4107 1257 4180 medium

236 4220 384 4294 densius
405 4221 528 4316 (quale
546 4222 781 4317 supponitur)
803 4220 904 4316 quod
921 4233 979 4293 est
1003 4221 1111 4295 infra.
1162 4219 1257 4294 Cadat

234 4347 360 4408 autern
378 4335 502 4408 radius
520 4337 566 4408 ab
584 4336 649 4408 AB
667 4335 766 4407 linea
787 4335 878 4407 lucis
905 4335 944 4407 in
972 4336 1125 4431 planum
1149 4336 1208 4408 ΕΙ)
1230 4332 1258 4403 iu

234 4450 370 4545 angulo
404 4449 653 4522 inclinationis
687 4449 782 4521 AEP
813 4447 1024 4523 semireot0.
1095 4447 1258 4525 Quoniam

235 4587 323 4661 ergo
341 4562 465 4637 radius
480 4564 543 4636 ΑΕ
558 4562 772 4658 refringitur
786 4585 913 4636 versus
926 4562 1259 4660 perpendicularem,
