2656 5136
419 711 757 771 nccnnsmsmcs.
1042 696 1116 775 377

70 877 174 942 Veste
188 899 270 943 nova
284 899 394 942 rursus
408 878 515 963 prodit
530 888 623 943 vetus
638 877 788 943 haeresis:
812 900 877 943 una

115 977 228 1042 Secum
244 976 392 1061 prodibat
406 977 499 1042 docta
518 988 646 1042 caterva
660 976 777 1042 virum.
1031 983 1116 1044 1040

70 1075 116 1140 Ηί
132 1077 269 1140 clamant
284 1075 431 1142 Christos
445 1077 552 1162 plures
567 1099 631 1141 non
646 1098 724 1153 esse,
740 1076 795 1142 sed
817 1098 939 1142 unum:

113 1175 320 1259 Naturasque
334 1186 455 1261 negant
470 1177 564 1241 unius
579 1199 647 1241 esse
662 1177 750 1241 duas.

70 1273 207 1338 “Dicite
223 1285 327 1337 utram
343 1273 450 1350 vultis,
466 1297 540 1338 nam
555 1296 683 1360 possum
699 1273 827 1340 credere
840 1274 1015 1341 utramvis:

112 1381 131 1408 “
144 1373 208 1437 Res
223 1382 272 1436 est
286 1371 423 1437 difficilis
437 1372 564 1437 credere
579 1384 750 1456 utramque
764 1372 890 1437 simuL''

69 1471 253 1537 Catholicus
268 1471 396 1557 regerit,
413 1479 434 1509 “
443 1470 513 1537 Cur
526 1494 591 1536 non
605 1480 697 1557 potes
712 1471 809 1557 impie
823 1474 1018 1557 utramque?

112 1580 131 1608 “
146 1574 238 1635 Anne
254 1571 364 1656 ignma
379 1571 440 1636 tibi
455 1581 505 1636 est
526 1571 830 1657 Unio-Hypostutica
842 1571 922 1634 Ρ-

68 1679 88 1707 “
100 1669 208 1734 Nota:
234 1681 267 1735 et
283 1671 323 1734 ob
339 1668 399 1734 hoc
414 1669 519 1754 ipsum
535 1691 599 1734 non
615 1692 745 1754 possum
759 1669 887 1737 credere
901 1681 1089 1755 utramque:

112 1778 131 1806 “
144 1768 222 1833 Una
237 1777 294 1843 est,
311 1790 391 1851 quas
408 1769 479 1833 unit
500 1767 834 1852 Unio-Hypostotioo.”

69 1868 250 1934 Concilium
266 1889 375 1930 rursus
390 1865 512 1952 placuit
525 1865 672 1950 generale
687 1865 813 1932 vocari:

113 1968 158 2031 Et
172 1974 300 2030 resonat
315 1964 392 2029 rixis
408 1967 484 2029 urbs
498 1963 665 2049 Ephesius
684 1964 790 2030 sacris.
1031 1971 1115 2032 1050

70 2065 167 2131 Unde
181 2064 264 2129 redit
279 2062 379 2128 tristis
394 2074 444 2128 ter
458 2063 607 2147 victaque
622 2085 695 2149 pars
711 2063 845 2140 Ariana,

112 2165 146 2227 N
148 2188 188 2228 cn
204 2163 350 2229 convicta
364 2174 492 2239 tamen3
516 2162 571 2229 sed
584 2185 690 2246 neque
706 2171 797 2228 muta
810 2162 875 2228 diu.

68 2264 148 2328 Post
163 2262 281 2327 etenim
299 2261 464 2348 Synodum
481 2261 586 2328 tenuit
601 2285 673 2348 pars
688 2262 752 2339 illa,
765 2272 899 2329 vocante

111 2363 279 2447 Principe:
303 2385 368 2446 quo
383 2362 526 2439 dubium,
538 2362 599 2427 sed
613 2371 746 2428 tenuere
760 2372 888 2428 tamen:

69 2462 151 2544 Quae
167 2485 224 2526 sua
238 2460 397 2546 suffragiis
412 2460 568 2527 stabilivit
581 2460 732 2547 dogmata
746 2460 866 2526 multis.

113 2560 166 2626 Sic
182 2560 272 2624 lance
287 2571 415 2643 aequata
430 2558 620 2646 Theiologia
634 2559 734 2625 stetit

67 2661 113 2724 Et
128 2660 189 2724 nisi
205 2659 364 2726 Catholici
379 2658 582 2726 Chalcedone
597 2659 841 2738 consuluissent,

110 2760 229 2824 Essent
243 2782 329 2824 nunc
340 2759 387 2823 illi
402 2758 535 2824 forsitan
551 2758 702 2825 haretici.

68 2858 196 2924 Cuncta
210 2858 264 2923 scd
279 2858 320 2921 ad
334 2880 475 2922 normam
494 2856 624 2942 Synodo
647 2868 838 2923 revocantur
851 2858 893 2924 ab
907 2857 963 2923 illa

110 2957 144 3020 N
147 2957 246 3020 icenae
261 2954 367 3031 Fidei,
382 2953 652 3039 Catholicumque
666 2957 808 3022 modum.
1027 2960 1112 3022 1060

69 3054 227 3131 Ilaeresin,
243 3054 276 3117 iu
292 3053 400 3139 plures
415 3053 533 3119 formas
548 3076 622 3138 quae
637 3053 775 3119 vertitur
788 3077 854 3120 una

112 3153 218 3235 Quam
233 3151 393 3236 quondam
409 3149 557 3228 Proteus,
573 3150 700 3216 vincula
714 3151 803 3217 nulla
816 3161 939 3219 tenent.

67 3252 107 3315 In
125 3251 335 3318 Chalcedonis
351 3249 481 3335 Synodo
495 3249 644 3315 damnata
658 3272 800 3336 repressa
813 3261 873 3328 est,

112 3351 175 3417 Sed
191 3361 298 3415 tamen
313 3360 350 3414 ut
365 3348 472 3414 verbis
487 3372 562 3414 mox
576 3348 717 3415 reditura
731 3349 832 3415 novis.

68 3452 214 3535 Namque
229 3473 326 3515 unam
336 3448 418 3534 jussi
432 3470 599 3534 personam
614 3447 719 3514 dicere
734 3447 867 3526 Christi,

111 3548 240 3615 Scilicet
255 3558 292 3613 ut
307 3547 408 3623 nobis,
424 3568 502 3623 esse,
518 3568 578 3612 nec
592 3568 660 3612 esse
674 3546 771 3612 duas:

66 3648 100 3710 N
102 3672 143 3712 on
159 3648 265 3733 plures
280 3669 344 3711 una
357 3645 529 3711 voluerunt
543 3644 648 3710 dicere
663 3643 786 3712 Christi

110 3745 189 3811 Esse
205 3745 405 3822 vuluntates3
429 3744 523 3809 unica
537 3744 656 3831 quippe
671 3744 764 3810 Patri
777 3753 836 3811 est.

67 3842 180 3910 Graeca
195 3844 321 3909 vocavit
331 3867 384 3910 eos
399 3843 545 3909 Ecclesia
558 3844 807 3909 Mouuotlelitoe.

111 3941 250 4007 Ilaeresis
265 3942 404 4028 Imperio
418 3941 792 4029 posthumaatillafirit,
1026 3945 1109 4009 1070

66 4039 218 4123 Nataque
233 4063 306 4105 cum
323 4040 469 4126 Synodos
483 4041 646 4127 generales
661 4040 752 4127 Papa
765 4043 909 4119 vocabat,

109 4140 143 4202 N
146 4140 268 4225 eglecto
283 4140 403 4205 dudum
419 4141 579 4227 Principe,
590 4143 664 4226 jure
679 4164 747 4207 suo.

67 4243 130 4303 Soc.
155 4239 215 4304 Ille
231 4239 428 4305 voluntatem
444 4241 566 4307 Christi
581 4242 638 4326 qui
659 4241 772 4308 fecerit
785 4263 894 4316 unam,

111 4339 160 4403 Ut
174 4338 279 4415 debet,
295 4340 440 4423 quamvis
455 4341 598 4407 crederet
612 4364 679 4407 esse
695 4342 783 4418 duas,

68 4436 182 4502 Salvus
197 4437 266 4502 erit.
312 4437 405 4501 Nihil
420 4437 489 4505 haec
503 4440 578 4504 vitae
593 4439 721 4504 subtilia
738 4447 890 4525 prosunt:

109 4536 196 4601 Zona
212 4535 340 4601 viatoris
355 4536 477 4621 respuit
490 4536 572 4603 hanc
587 4538 729 4604 maciem.

65 4635 141 4698 Non
157 4635 310 4722 populum
326 4634 457 4700 Veteris
471 4636 582 4702 docuit
596 4637 641 4703 sic
657 4636 800 4702 Foederis
814 4634 948 4700 author:
