2656 5136
380 651 620 706 ‘uouemus
641 652 824 707 opulens.
1052 643 1125 707 235

64 819 122 894 etsi
138 819 412 895 inclinationis
438 821 594 917 angulus
619 823 739 918 major
763 823 812 896 sit
830 822 1037 912 semitecto,
1056 823 1129 896 erit
1168 845 1235 886 1’1201

64 934 220 1031 angnus
251 933 439 1008 refractus
466 936 659 1010 semitecto
683 936 816 1009 minor.
887 936 1016 1031 Itaque
1050 936 1127 1008 sive
1171 916 1235 939 ⁸*

64 1047 222 1145 angulus
237 1048 494 1121 inclinationis
508 1048 557 1121 sit
573 1051 704 1144 major,
717 1049 773 1121 vel
790 1048 923 1136 minor,
936 1049 995 1121 vel
1009 1073 1128 1144 aequa·

64 1161 106 1235 lis
129 1163 352 1249 nemimem,
379 1161 450 1234 hoo
474 1175 532 1234 est
556 1162 713 1235 inomni
743 1162 982 1234 inclinatione
1007 1162 1046 1234 in
1071 1186 1129 1235 ra-

64 1275 164 1348 tione
188 1273 404 1348 mediorum
430 1275 632 1370 supposita,
662 1276 819 1371 angulus
847 1275 1028 1350 refractus
1058 1276 1129 1349 erit

66 1394 267 1467 semirecto
286 1392 421 1466 minor.
476 1392 586 1469 Quod
605 1407 686 1466 erat
703 1393 948 1488 probandum.

439 1679 690 1733 PROPOSITIO
714 1680 757 1730 X.

71 1794 249 1895 Augaloi
277 1792 524 1888 reffractionis
551 1797 617 1895 qui
633 1799 689 1892 fit
707 1822 733 1870 a
752 1793 862 1868 radio
891 1795 1058 1869 intrante
1089 1796 1128 1868 in

118 1907 279 1982 medium
301 1905 452 1980 densum
479 1932 608 1982 uersus
625 1908 951 2008 perpendiculum,
971 1909 1128 2006 (equalis

118 2032 176 2096 est
193 2019 336 2120 angulo
353 2019 597 2117 rffractionio
609 2049 710 2120 quem
722 2023 819 2096 idem
830 2022 964 2095 radius
980 2021 1128 2119 rffrac·

120 2145 179 2208 tm
189 2133 305 2233 facit
323 2134 451 2207 exiens
468 2134 506 2208 in
525 2135 623 2209 idem
640 2133 796 2209 medium
815 2159 957 2224 rorum,
976 2135 1014 2208 in
1033 2159 1129 2232 par-

120 2257 179 2321 tes
192 2273 219 2320 o
231 2247 508 2346 perpendiculo
525 2272 693 2321 aversan.

120 2385 177 2459 Sit
201 2385 367 2458 medium
391 2409 516 2458 rarum
538 2387 639 2482 quod
662 2397 719 2459 est
747 2409 860 2482 supra
887 2397 1026 2459 rectam
1054 2387 1128 2476 CB,

76 2498 171 2595 quod
188 2497 301 2586 infra,
320 2497 486 2571 densum.
541 2499 597 2573 Sit
620 2513 745 2572 autem
774 2499 873 2571 linea
899 2499 992 2573 lucis
1009 2500 1088 2590 AB,
1106 2526 1130 2574 a

77 2635 143 2708 quo
173 2613 252 2685 exit
289 2611 414 2684 radius
445 2612 549 2708 cujus

76 2727 188 2803 latera
197 2729 266 2802 AC
282 2739 320 2802 et
332 2728 410 2801 BD.
440 2729 548 2803 Com·

77 2846 548 2942 pletorectonguloABCD‚

77 2964 103 3036 si
139 2965 308 3038 medium
343 2987 418 3037 non
453 2975 550 3036 esset

77 3094 268 3169 mutatum,
290 3094 388 3154 esset
415 3079 480 3154 CD
506 3080 550 3152 li-
687 3171 692 3179 ὑ

76 3216 139 3269 noa
172 3194 269 3268 lucis
297 3203 549 3292 propagata:
606 3169 687 3288 „J”

74 3309 134 3383 sed
164 3309 254 3406 quia
283 3307 448 3381 medium
482 3307 550 3380 sub
573 3337 607 3368 1

73 3422 132 3497 CB
166 3422 320 3497 densius
355 3433 411 3494 est
440 3443 552 3516 quam

70 3559 193 3634 supro,
220 3536 295 3609 erit
321 3534 429 3608 liueae
460 3534 553 3606 lucis
599 3519 614 3551 ⁰

70 3649 253 3723 terminus
288 3647 332 3735 B,
360 3646 480 3719 minus
514 3646 553 3718 in

68 3761 189 3860 ipsum
219 3761 415 3833 immersus
442 3782 554 3854 quam

68 3888 253 3972 punctum
269 3873 317 3946 D.
370 3872 426 3946 Sit
450 3896 539 3968 ergo
565 3872 663 3945 linea
687 3872 781 3944 lueis
805 3882 1032 3970 propagato
1052 3871 1124 3960 ΟΕ,

69 3991 123 4063 ita
139 4000 184 4062 nt
202 3987 263 4060 ΟΕ
282 3985 433 4082 aequalis
450 3987 499 4059 sit
516 3986 586 4081 ipsi
606 3987 670 4059 AB
688 3985 747 4057 vel
762 3985 841 4058 CD.
886 3986 1017 4058 Ductis
1036 4010 1125 4080 ergo

68 4100 436 4199 perpendicularibus
466 4099 514 4172 ad
546 4100 606 4172 ΟΕ
638 4100 749 4172 rectis
774 4098 848 4186 CG,
860 4099 943 4187 ΕΗ,
967 4099 1038 4171 erit
1063 4098 1126 4171 CG

70 4217 168 4290 linea
187 4214 357 4300 refracta,
376 4226 414 4286 et
442 4212 525 4286 ICG
552 4214 709 4308 angulus
737 4212 971 4286 refractionis
998 4237 1126 4284 versus

71 4327 378 4425 perpendiculum
404 4327 483 4399 CK.
536 4327 688 4414 Rursus,
706 4326 754 4399 sit
779 4325 941 4398 medium
970 4325 1125 4397 densum

72 4441 171 4538 qnod
195 4453 251 4513 est
277 4440 375 4513 infra
400 4440 476 4528 LD,
501 4464 626 4513 rarum
645 4439 744 4535 quod
770 4463 893 4535 supra,
913 4452 948 4512 et
977 4439 1026 4511 sit
1052 4438 1122 4510 GH

72 4555 170 4629 linea
186 4554 279 4628 lucis
297 4554 538 4651 propagando
557 4579 579 4628 a
597 4553 713 4627 denso
732 4554 769 4627 in
789 4578 926 4627 rorum.
963 4551 1123 4626 Quando
