<?xml version="1.0" encoding="UTF-8"?>
<!DOCTYPE html PUBLIC "-//W3C//DTD XHTML 1.0 Transitional//EN"
    "http://www.w3.org/TR/xhtml1/DTD/xhtml1-transitional.dtd">
<html xmlns="http://www.w3.org/1999/xhtml" xml:lang="en" lang="en">
 <head>
  <title>
</title>
<meta http-equiv="Content-Type" content="text/html;charset=utf-8" />
  <meta name='ocr-system' content='tesseract 3.04.00' />
  <meta name='ocr-capabilities' content='ocr_page ocr_carea ocr_par ocr_line ocrx_word'/>
</head>
<body>
  <div class='ocr_page' id='page_1' title='image "./thomhobbesmalme00hobbgoog_0362.png"; bbox 0 0 2656 5136; ppageno 0'>
   <div class='ocr_carea' id='block_1_1' title="bbox 412 686 745 739">
    <p class='ocr_par' dir='ltr' id='par_1_1' title="bbox 412 686 745 739">
     <span class='ocr_line' id='line_1_1' title="bbox 412 686 745 739; baseline 0.003 -3"><span class='ocrx_word' id='word_1_1' title='bbox 412 686 745 739; x_wconf 65' lang='lat' dir='ltr'>uectusrrsulcrt.</span> 
     </span>
    </p>
   </div>
   <div class='ocr_carea' id='block_1_2' title="bbox 65 849 1125 4499">
    <p class='ocr_par' dir='ltr' id='par_1_2' title="bbox 65 849 1125 4499">
     <span class='ocr_line' id='line_1_2' title="bbox 108 849 759 938; baseline 0.002 -24"><span class='ocrx_word' id='word_1_2' title='bbox 108 850 225 916; x_wconf 86' lang='lat' dir='ltr'>Nescio</span> <span class='ocrx_word' id='word_1_3' title='bbox 237 849 391 915; x_wconf 86' lang='lat' dir='ltr'>Doctores</span> <span class='ocrx_word' id='word_1_4' title='bbox 406 851 512 934; x_wconf 84' lang='lat' dir='ltr'>qualia</span> <span class='ocrx_word' id='word_1_5' title='bbox 526 872 624 938; x_wconf 83' lang='lat' dir='ltr'>regna</span> <span class='ocrx_word' id='word_1_6' title='bbox 637 851 759 915; x_wconf 80' lang='lat' dir='ltr'>volunt.</span> 
     </span>
     <span class='ocr_line' id='line_1_3' title="bbox 65 949 857 1035; baseline -0.001 -19"><span class='ocrx_word' id='word_1_7' title='bbox 65 949 185 1016; x_wconf 85' lang='lat' dir='ltr'>Omnes</span> <span class='ocrx_word' id='word_1_8' title='bbox 200 949 372 1033; x_wconf 82' lang='lat' dir='ltr'>alloquitur</span> <span class='ocrx_word' id='word_1_9' title='bbox 387 949 545 1014; x_wconf 83' lang='lat' dir='ltr'>Dominus</span> <span class='ocrx_word' id='word_1_10' title='bbox 560 972 616 1035; x_wconf 91' lang='lat' dir='ltr'>per</span> <span class='ocrx_word' id='word_1_11' title='bbox 630 949 737 1015; x_wconf 87' lang='lat' dir='ltr'>Biblia</span> <span class='ocrx_word' id='word_1_12' title='bbox 751 971 857 1026; x_wconf 82' lang='lat' dir='ltr'>sacra3</span> 
     </span>
     <span class='ocr_line' id='line_1_4' title="bbox 109 1049 807 1133; baseline 0.006 -23"><span class='ocrx_word' id='word_1_13' title='bbox 109 1050 280 1133; x_wconf 81' lang='lat' dir='ltr'>Verbaque</span> <span class='ocrx_word' id='word_1_14' title='bbox 295 1049 375 1114; x_wconf 86' lang='lat' dir='ltr'>clam</span> <span class='ocrx_word' id='word_1_15' title='bbox 390 1049 481 1114; x_wconf 89' lang='lat' dir='ltr'>nobis</span> <span class='ocrx_word' id='word_1_16' title='bbox 495 1049 583 1113; x_wconf 87' lang='lat' dir='ltr'>nulla</span> <span class='ocrx_word' id='word_1_17' title='bbox 597 1059 739 1114; x_wconf 80' lang='lat' dir='ltr'>susurrat</span> <span class='ocrx_word' id='word_1_18' title='bbox 753 1049 807 1114; x_wconf 86' lang='lat' dir='ltr'>eis.</span> 
     </span>
     <span class='ocr_line' id='line_1_5' title="bbox 65 1147 887 1234; baseline 0.001 -22"><span class='ocrx_word' id='word_1_19' title='bbox 65 1148 128 1212; x_wconf 94' lang='lat' dir='ltr'>Dic</span> <span class='ocrx_word' id='word_1_20' title='bbox 143 1149 229 1225; x_wconf 92' lang='lat' dir='ltr'>mihi,</span> <span class='ocrx_word' id='word_1_21' title='bbox 242 1148 365 1224; x_wconf 73' lang='lat' dir='ltr'>Porus,</span> <span class='ocrx_word' id='word_1_22' title='bbox 380 1171 499 1234; x_wconf 84' lang='lat' dir='ltr'>precor,</span> <span class='ocrx_word' id='word_1_23' title='bbox 516 1149 591 1214; x_wconf 89' lang='lat' dir='ltr'>secli</span> <span class='ocrx_word' id='word_1_24' title='bbox 604 1149 744 1214; x_wconf 82' lang='lat' dir='ltr'>studiose</span> <span class='ocrx_word' id='word_1_25' title='bbox 758 1147 887 1226; x_wconf 90' lang='lat' dir='ltr'>vetusti,</span> 
     </span>
     <span class='ocr_line' id='line_1_6' title="bbox 108 1247 693 1324; baseline 0 -13"><span class='ocrx_word' id='word_1_26' title='bbox 108 1247 154 1311; x_wconf 85' lang='lat' dir='ltr'>Et</span> <span class='ocrx_word' id='word_1_27' title='bbox 168 1270 275 1312; x_wconf 86' lang='lat' dir='ltr'>severe</span> <span class='ocrx_word' id='word_1_28' title='bbox 291 1247 368 1311; x_wconf 85' lang='lat' dir='ltr'>satis</span> <span class='ocrx_word' id='word_1_29' title='bbox 384 1247 538 1312; x_wconf 81' lang='lat' dir='ltr'>censorin</span> <span class='ocrx_word' id='word_1_30' title='bbox 553 1247 693 1324; x_wconf 86' lang='lat' dir='ltr'>historia,</span> 
     </span>
     <span class='ocr_line' id='line_1_7' title="bbox 67 1346 972 1432; baseline 0.001 -22"><span class='ocrx_word' id='word_1_31' title='bbox 67 1346 148 1428; x_wconf 82' lang='lat' dir='ltr'>Quis</span> <span class='ocrx_word' id='word_1_32' title='bbox 163 1347 227 1410; x_wconf 85' lang='lat' dir='ltr'>suit</span> <span class='ocrx_word' id='word_1_33' title='bbox 241 1346 294 1410; x_wconf 92' lang='lat' dir='ltr'>ille</span> <span class='ocrx_word' id='word_1_34' title='bbox 308 1346 483 1423; x_wconf 91' lang='lat' dir='ltr'>homiuum,</span> <span class='ocrx_word' id='word_1_35' title='bbox 499 1346 555 1430; x_wconf 92' lang='lat' dir='ltr'>qui</span> <span class='ocrx_word' id='word_1_36' title='bbox 571 1370 604 1411; x_wconf 91' lang='lat' dir='ltr'>se</span> <span class='ocrx_word' id='word_1_37' title='bbox 618 1347 693 1430; x_wconf 88' lang='lat' dir='ltr'>(nisi</span> <span class='ocrx_word' id='word_1_38' title='bbox 709 1346 782 1412; x_wconf 86' lang='lat' dir='ltr'>Rex</span> <span class='ocrx_word' id='word_1_39' title='bbox 796 1346 859 1413; x_wconf 80' lang='lat' dir='ltr'>suit</span> <span class='ocrx_word' id='word_1_40' title='bbox 872 1347 972 1432; x_wconf 88' lang='lat' dir='ltr'>idem)</span> 
     </span>
     <span class='ocr_line' id='line_1_8' title="bbox 110 1445 778 1530; baseline 0.003 -22"><span class='ocrx_word' id='word_1_41' title='bbox 110 1446 188 1510; x_wconf 84' lang='lat' dir='ltr'>Esse</span> <span class='ocrx_word' id='word_1_42' title='bbox 203 1445 418 1509; x_wconf 83' lang='lat' dir='ltr'>Duo-doctum</span> <span class='ocrx_word' id='word_1_43' title='bbox 434 1445 537 1510; x_wconf 90' lang='lat' dir='ltr'>dicere</span> <span class='ocrx_word' id='word_1_44' title='bbox 552 1445 672 1530; x_wconf 90' lang='lat' dir='ltr'>primus</span> <span class='ocrx_word' id='word_1_45' title='bbox 686 1447 778 1511; x_wconf 79' lang='lat' dir='ltr'>erat?</span> 
     </span>
     <span class='ocr_line' id='line_1_9' title="bbox 66 1543 942 1610; baseline 0.002 -2"><span class='ocrx_word' id='word_1_46' title='bbox 66 1546 126 1608; x_wconf 83' lang='lat' dir='ltr'>Pr.</span> <span class='ocrx_word' id='word_1_47' title='bbox 153 1544 221 1610; x_wconf 86' lang='lat' dir='ltr'>Scis</span> <span class='ocrx_word' id='word_1_48' title='bbox 236 1555 274 1607; x_wconf 93' lang='lat' dir='ltr'>ut</span> <span class='ocrx_word' id='word_1_49' title='bbox 290 1543 474 1608; x_wconf 86' lang='lat' dir='ltr'>Aristotelis</span> <span class='ocrx_word' id='word_1_50' title='bbox 488 1544 645 1608; x_wconf 84' lang='lat' dir='ltr'>trutinata</span> <span class='ocrx_word' id='word_1_51' title='bbox 658 1544 823 1609; x_wconf 84' lang='lat' dir='ltr'>cacumina</span> <span class='ocrx_word' id='word_1_52' title='bbox 836 1568 942 1610; x_wconf 91' lang='lat' dir='ltr'>rerum</span> 
     </span>
     <span class='ocr_line' id='line_1_10' title="bbox 110 1641 1103 1727; baseline 0.002 -21"><span class='ocrx_word' id='word_1_53' title='bbox 110 1644 149 1707; x_wconf 91' lang='lat' dir='ltr'>In</span> <span class='ocrx_word' id='word_1_54' title='bbox 165 1643 228 1707; x_wconf 91' lang='lat' dir='ltr'>duo</span> <span class='ocrx_word' id='word_1_55' title='bbox 243 1642 359 1717; x_wconf 77' lang='lat' dir='ltr'>divisit,</span> <span class='ocrx_word' id='word_1_56' title='bbox 379 1641 555 1708; x_wconf 89' lang='lat' dir='ltr'>Stultitiam</span> <span class='ocrx_word' id='word_1_57' title='bbox 570 1654 667 1727; x_wconf 82' lang='lat' dir='ltr'>atque</span> <span class='ocrx_word' id='word_1_58' title='bbox 682 1643 810 1707; x_wconf 90' lang='lat' dir='ltr'>Dolum.</span> <span class='ocrx_word' id='word_1_59' title='bbox 1062 1646 1103 1711; x_wconf 88' lang='grc'>70</span> 
     </span>
     <span class='ocr_line' id='line_1_11' title="bbox 67 1741 853 1826; baseline 0 -19"><span class='ocrx_word' id='word_1_60' title='bbox 67 1743 129 1807; x_wconf 87' lang='lat' dir='ltr'>Est</span> <span class='ocrx_word' id='word_1_61' title='bbox 143 1743 234 1806; x_wconf 92' lang='lat' dir='ltr'>dolus</span> <span class='ocrx_word' id='word_1_62' title='bbox 249 1741 281 1804; x_wconf 91' lang='lat' dir='ltr'>in</span> <span class='ocrx_word' id='word_1_63' title='bbox 297 1742 401 1814; x_wconf 78' lang='lat' dir='ltr'>rebus,</span> <span class='ocrx_word' id='word_1_64' title='bbox 418 1751 492 1804; x_wconf 90' lang='lat' dir='ltr'>sunt</span> <span class='ocrx_word' id='word_1_65' title='bbox 508 1741 586 1806; x_wconf 92' lang='lat' dir='ltr'>certi</span> <span class='ocrx_word' id='word_1_66' title='bbox 601 1741 738 1826; x_wconf 89' lang='lat' dir='ltr'>denique</span> <span class='ocrx_word' id='word_1_67' title='bbox 753 1743 853 1807; x_wconf 90' lang='lat' dir='ltr'>stulti.</span> 
     </span>
     <span class='ocr_line' id='line_1_12' title="bbox 112 1839 807 1928; baseline 0.001 -23"><span class='ocrx_word' id='word_1_68' title='bbox 112 1843 204 1906; x_wconf 89' lang='lat' dir='ltr'>Utris</span> <span class='ocrx_word' id='word_1_69' title='bbox 219 1840 414 1905; x_wconf 89' lang='lat' dir='ltr'>conveniunt</span> <span class='ocrx_word' id='word_1_70' title='bbox 427 1839 531 1926; x_wconf 87' lang='lat' dir='ltr'>Regia</span> <span class='ocrx_word' id='word_1_71' title='bbox 545 1852 669 1926; x_wconf 86' lang='lat' dir='ltr'>sceptra</span> <span class='ocrx_word' id='word_1_72' title='bbox 683 1842 807 1928; x_wconf 79' lang='lat' dir='ltr'>magis?</span> 
     </span>
     <span class='ocr_line' id='line_1_13' title="bbox 67 1939 836 2018; baseline -0.003 -12"><span class='ocrx_word' id='word_1_73' title='bbox 67 1942 114 2006; x_wconf 87' lang='lat' dir='ltr'>Et</span> <span class='ocrx_word' id='word_1_74' title='bbox 129 1941 241 2004; x_wconf 88' lang='lat' dir='ltr'>melius</span> <span class='ocrx_word' id='word_1_75' title='bbox 255 1939 405 2003; x_wconf 87' lang='lat' dir='ltr'>defendet</span> <span class='ocrx_word' id='word_1_76' title='bbox 414 1951 496 2015; x_wconf 90' lang='lat' dir='ltr'>uter,</span> <span class='ocrx_word' id='word_1_77' title='bbox 510 1940 669 2004; x_wconf 87' lang='lat' dir='ltr'>stultusne</span> <span class='ocrx_word' id='word_1_78' title='bbox 684 1940 836 2018; x_wconf 87' lang='lat' dir='ltr'>dolosum,</span> 
     </span>
     <span class='ocr_line' id='line_1_14' title="bbox 113 2038 782 2125; baseline 0 -21"><span class='ocrx_word' id='word_1_79' title='bbox 113 2041 211 2104; x_wconf 89' lang='lat' dir='ltr'>Anne</span> <span class='ocrx_word' id='word_1_80' title='bbox 227 2038 355 2103; x_wconf 88' lang='lat' dir='ltr'>dolosus</span> <span class='ocrx_word' id='word_1_81' title='bbox 370 2061 442 2102; x_wconf 87' lang='lat' dir='ltr'>cum</span> <span class='ocrx_word' id='word_1_82' title='bbox 459 2038 515 2122; x_wconf 93' lang='lat' dir='ltr'>qui</span> <span class='ocrx_word' id='word_1_83' title='bbox 530 2050 616 2103; x_wconf 80' lang='lat' dir='ltr'>caret</span> <span class='ocrx_word' id='word_1_84' title='bbox 630 2039 782 2125; x_wconf 83' lang='lat' dir='ltr'>ingenio?</span> 
     </span>
     <span class='ocr_line' id='line_1_15' title="bbox 70 2137 883 2225; baseline 0 -21"><span class='ocrx_word' id='word_1_85' title='bbox 70 2144 133 2205; x_wconf 81' lang='lat' dir='ltr'>Sec.</span> <span class='ocrx_word' id='word_1_86' title='bbox 158 2140 262 2202; x_wconf 83' lang='lat' dir='ltr'>Arma</span> <span class='ocrx_word' id='word_1_87' title='bbox 276 2137 463 2203; x_wconf 82' lang='lat' dir='ltr'>Deodoctis</span> <span class='ocrx_word' id='word_1_88' title='bbox 478 2138 616 2223; x_wconf 89' lang='lat' dir='ltr'>ipsorum</span> <span class='ocrx_word' id='word_1_89' title='bbox 630 2139 701 2225; x_wconf 88' lang='lat' dir='ltr'>lege</span> <span class='ocrx_word' id='word_1_90' title='bbox 716 2150 883 2225; x_wconf 82' lang='lat' dir='ltr'>negantur.</span> 
     </span>
     <span class='ocr_line' id='line_1_16' title="bbox 114 2236 788 2324; baseline 0.004 -25"><span class='ocrx_word' id='word_1_91' title='bbox 114 2239 193 2302; x_wconf 89' lang='lat' dir='ltr'>Vita</span> <span class='ocrx_word' id='word_1_92' title='bbox 207 2248 313 2302; x_wconf 89' lang='lat' dir='ltr'>truces</span> <span class='ocrx_word' id='word_1_93' title='bbox 327 2236 448 2323; x_wconf 84' lang='lat' dir='ltr'>gladios</span> <span class='ocrx_word' id='word_1_94' title='bbox 463 2248 529 2301; x_wconf 89' lang='lat' dir='ltr'>tam</span> <span class='ocrx_word' id='word_1_95' title='bbox 543 2238 681 2323; x_wconf 84' lang='lat' dir='ltr'>pretiosa</span> <span class='ocrx_word' id='word_1_96' title='bbox 695 2237 788 2324; x_wconf 78' lang='lat' dir='ltr'>sugit</span> 
     </span>
     <span class='ocr_line' id='line_1_17' title="bbox 69 2335 950 2424; baseline -0.002 -20"><span class='ocrx_word' id='word_1_97' title='bbox 69 2340 157 2424; x_wconf 86' lang='lat' dir='ltr'>Ergo</span> <span class='ocrx_word' id='word_1_98' title='bbox 172 2337 289 2422; x_wconf 87' lang='lat' dir='ltr'>quibus</span> <span class='ocrx_word' id='word_1_99' title='bbox 303 2336 385 2412; x_wconf 87' lang='lat' dir='ltr'>telis,</span> <span class='ocrx_word' id='word_1_100' title='bbox 402 2335 519 2420; x_wconf 90' lang='lat' dir='ltr'>quibus</span> <span class='ocrx_word' id='word_1_101' title='bbox 533 2336 664 2414; x_wconf 86' lang='lat' dir='ltr'>artibus,</span> <span class='ocrx_word' id='word_1_102' title='bbox 676 2348 710 2402; x_wconf 91' lang='lat' dir='ltr'>et</span> <span class='ocrx_word' id='word_1_103' title='bbox 724 2337 841 2421; x_wconf 88' lang='lat' dir='ltr'>quibus</span> <span class='ocrx_word' id='word_1_104' title='bbox 855 2338 950 2402; x_wconf 83' lang='lat' dir='ltr'>armis</span> 
     </span>
     <span class='ocr_line' id='line_1_18' title="bbox 113 2434 863 2520; baseline -0.004 -18"><span class='ocrx_word' id='word_1_105' title='bbox 113 2437 183 2502; x_wconf 92' lang='lat' dir='ltr'>Nos</span> <span class='ocrx_word' id='word_1_106' title='bbox 197 2436 231 2500; x_wconf 92' lang='lat' dir='ltr'>hi</span> <span class='ocrx_word' id='word_1_107' title='bbox 246 2434 428 2511; x_wconf 81' lang='lat' dir='ltr'>defendent,</span> <span class='ocrx_word' id='word_1_108' title='bbox 444 2435 590 2519; x_wconf 89' lang='lat' dir='ltr'>bellaque</span> <span class='ocrx_word' id='word_1_109' title='bbox 604 2446 713 2500; x_wconf 86' lang='lat' dir='ltr'>nostra</span> <span class='ocrx_word' id='word_1_110' title='bbox 726 2436 863 2520; x_wconf 84' lang='lat' dir='ltr'>gerent?</span> 
     </span>
     <span class='ocr_line' id='line_1_19' title="bbox 70 2533 990 2618; baseline -0.005 -17"><span class='ocrx_word' id='word_1_111' title='bbox 70 2539 129 2601; x_wconf 86' lang='lat' dir='ltr'>Pr.</span> <span class='ocrx_word' id='word_1_112' title='bbox 155 2536 244 2618; x_wconf 83' lang='lat' dir='ltr'>Quos</span> <span class='ocrx_word' id='word_1_113' title='bbox 259 2545 297 2600; x_wconf 93' lang='lat' dir='ltr'>tu</span> <span class='ocrx_word' id='word_1_114' title='bbox 312 2533 394 2599; x_wconf 77' lang='lat' dir='ltr'>forte</span> <span class='ocrx_word' id='word_1_115' title='bbox 405 2533 499 2599; x_wconf 89' lang='lat' dir='ltr'>times</span> <span class='ocrx_word' id='word_1_116' title='bbox 514 2534 620 2600; x_wconf 83' lang='lat' dir='ltr'>hostes</span> <span class='ocrx_word' id='word_1_117' title='bbox 634 2557 698 2599; x_wconf 89' lang='lat' dir='ltr'>non</span> <span class='ocrx_word' id='word_1_118' title='bbox 713 2534 792 2611; x_wconf 88' lang='lat' dir='ltr'>dico,</span> <span class='ocrx_word' id='word_1_119' title='bbox 809 2556 868 2600; x_wconf 87' lang='lat' dir='ltr'>uec</span> <span class='ocrx_word' id='word_1_120' title='bbox 881 2555 990 2600; x_wconf 86' lang='lat' dir='ltr'>arma:</span> 
     </span>
     <span class='ocr_line' id='line_1_20' title="bbox 115 2633 1107 2719; baseline -0.002 -17"><span class='ocrx_word' id='word_1_121' title='bbox 115 2636 199 2703; x_wconf 89' lang='lat' dir='ltr'>Sunt</span> <span class='ocrx_word' id='word_1_122' title='bbox 213 2635 319 2700; x_wconf 87' lang='lat' dir='ltr'>hostes</span> <span class='ocrx_word' id='word_1_123' title='bbox 332 2634 395 2711; x_wconf 91' lang='lat' dir='ltr'>alii,</span> <span class='ocrx_word' id='word_1_124' title='bbox 412 2633 633 2718; x_wconf 87' lang='lat' dir='ltr'>terribilesque</span> <span class='ocrx_word' id='word_1_125' title='bbox 647 2633 759 2719; x_wconf 85' lang='lat' dir='ltr'>magis.</span> <span class='ocrx_word' id='word_1_126' title='bbox 1065 2640 1107 2700; x_wconf 90' lang='lat'>80</span> 
     </span>
     <span class='ocr_line' id='line_1_21' title="bbox 70 2730 875 2810; baseline -0.005 -10"><span class='ocrx_word' id='word_1_127' title='bbox 70 2736 132 2800; x_wconf 82' lang='lat' dir='ltr'>Est</span> <span class='ocrx_word' id='word_1_128' title='bbox 146 2734 264 2798; x_wconf 92' lang='lat' dir='ltr'>mundo</span> <span class='ocrx_word' id='word_1_129' title='bbox 279 2743 388 2797; x_wconf 86' lang='lat' dir='ltr'>nostro</span> <span class='ocrx_word' id='word_1_130' title='bbox 402 2732 540 2796; x_wconf 89' lang='lat' dir='ltr'>mundus</span> <span class='ocrx_word' id='word_1_131' title='bbox 555 2730 770 2797; x_wconf 81' lang='lat' dir='ltr'>conterminus</span> <span class='ocrx_word' id='word_1_132' title='bbox 785 2731 875 2810; x_wconf 84' lang='lat' dir='ltr'>alter,</span> 
     </span>
     <span class='ocr_line' id='line_1_22' title="bbox 115 2831 799 2917; baseline -0.003 -20"><span class='ocrx_word' id='word_1_133' title='bbox 115 2833 227 2897; x_wconf 91' lang='lat' dir='ltr'>Nostri</span> <span class='ocrx_word' id='word_1_134' title='bbox 242 2831 410 2908; x_wconf 87' lang='lat' dir='ltr'>dissimilis,</span> <span class='ocrx_word' id='word_1_135' title='bbox 425 2842 661 2917; x_wconf 87' lang='lat' dir='ltr'>perpetuusque</span> <span class='ocrx_word' id='word_1_136' title='bbox 676 2853 799 2896; x_wconf 83' lang='lat' dir='ltr'>comes:</span> 
     </span>
     <span class='ocr_line' id='line_1_23' title="bbox 74 2929 988 3014; baseline 0.001 -19"><span class='ocrx_word' id='word_1_137' title='bbox 74 2931 139 3013; x_wconf 82' lang='lat' dir='ltr'>Qui</span> <span class='ocrx_word' id='word_1_138' title='bbox 155 2931 314 2995; x_wconf 89' lang='lat' dir='ltr'>Phoebum</span> <span class='ocrx_word' id='word_1_139' title='bbox 330 2951 493 3014; x_wconf 86' lang='lat' dir='ltr'>nunquam</span> <span class='ocrx_word' id='word_1_140' title='bbox 508 2929 598 3006; x_wconf 87' lang='lat' dir='ltr'>vidit,</span> <span class='ocrx_word' id='word_1_141' title='bbox 614 2951 843 3013; x_wconf 81' lang='lat' dir='ltr'>nunquamque</span> <span class='ocrx_word' id='word_1_142' title='bbox 858 2929 988 3008; x_wconf 87' lang='lat' dir='ltr'>videbit,</span> 
     </span>
     <span class='ocr_line' id='line_1_24' title="bbox 117 3027 901 3114; baseline -0.001 -21"><span class='ocrx_word' id='word_1_143' title='bbox 117 3029 400 3111; x_wconf 82' lang='lat' dir='ltr'>Quantuncunque</span> <span class='ocrx_word' id='word_1_144' title='bbox 414 3027 547 3114; x_wconf 77' lang='lat' dir='ltr'>gradum</span> <span class='ocrx_word' id='word_1_145' title='bbox 562 3027 709 3113; x_wconf 88' lang='lat' dir='ltr'>grandiat</span> <span class='ocrx_word' id='word_1_146' title='bbox 723 3027 775 3092; x_wconf 90' lang='lat' dir='ltr'>ille</span> <span class='ocrx_word' id='word_1_147' title='bbox 790 3050 901 3092; x_wconf 86' lang='lat' dir='ltr'>suum:</span> 
     </span>
     <span class='ocr_line' id='line_1_25' title="bbox 75 3125 1085 3211; baseline -0.002 -17"><span class='ocrx_word' id='word_1_148' title='bbox 75 3128 244 3211; x_wconf 85' lang='lat' dir='ltr'>Quemque</span> <span class='ocrx_word' id='word_1_149' title='bbox 259 3126 382 3192; x_wconf 81' lang='lat' dir='ltr'>habitat</span> <span class='ocrx_word' id='word_1_150' title='bbox 396 3126 533 3211; x_wconf 90' lang='lat' dir='ltr'>populus</span> <span class='ocrx_word' id='word_1_151' title='bbox 547 3148 744 3202; x_wconf 87' lang='lat' dir='ltr'>numerosus,</span> <span class='ocrx_word' id='word_1_152' title='bbox 760 3125 817 3209; x_wconf 91' lang='lat' dir='ltr'>qui</span> <span class='ocrx_word' id='word_1_153' title='bbox 832 3149 936 3211; x_wconf 89' lang='lat' dir='ltr'>neque</span> <span class='ocrx_word' id='word_1_154' title='bbox 949 3136 1085 3194; x_wconf 87' lang='lat' dir='ltr'>mortem</span> 
     </span>
     <span class='ocr_line' id='line_1_26' title="bbox 117 3224 826 3311; baseline -0.006 -19"><span class='ocrx_word' id='word_1_155' title='bbox 117 3226 152 3291; x_wconf 92' lang='lat' dir='ltr'>N</span> <span class='ocrx_word' id='word_1_156' title='bbox 153 3251 189 3292; x_wconf 90' lang='lat' dir='ltr'>ec</span> <span class='ocrx_word' id='word_1_157' title='bbox 203 3227 349 3291; x_wconf 90' lang='lat' dir='ltr'>morbum</span> <span class='ocrx_word' id='word_1_158' title='bbox 364 3236 503 3298; x_wconf 78' lang='lat' dir='ltr'>norunt3</span> <span class='ocrx_word' id='word_1_159' title='bbox 527 3224 692 3311; x_wconf 76' lang='lat' dir='ltr'>spirituale</span> <span class='ocrx_word' id='word_1_160' title='bbox 706 3247 826 3310; x_wconf 83' lang='lat' dir='ltr'>genus3</span> 
     </span>
     <span class='ocr_line' id='line_1_27' title="bbox 74 3323 891 3403; baseline -0.004 -10"><span class='ocrx_word' id='word_1_161' title='bbox 74 3326 201 3403; x_wconf 89' lang='lat' dir='ltr'>Umbri,</span> <span class='ocrx_word' id='word_1_162' title='bbox 220 3324 389 3401; x_wconf 67' lang='lat' dir='ltr'>Somnites</span> <span class='ocrx_word' id='word_1_163' title='bbox 407 3325 613 3401; x_wconf 85' lang='lat' dir='ltr'>Amenenees,</span> <span class='ocrx_word' id='word_1_164' title='bbox 630 3323 891 3402; x_wconf 77' lang='lat' dir='ltr'>Antheneeutes¹,</span> 
     </span>
     <span class='ocr_line' id='line_1_28' title="bbox 116 3420 728 3506; baseline -0.007 -17"><span class='ocrx_word' id='word_1_165' title='bbox 116 3425 162 3489; x_wconf 90' lang='lat' dir='ltr'>Et</span> <span class='ocrx_word' id='word_1_166' title='bbox 174 3422 416 3499; x_wconf 84' lang='lat' dir='ltr'>Cacodaemouii,</span> <span class='ocrx_word' id='word_1_167' title='bbox 427 3421 650 3506; x_wconf 84' lang='lat' dir='ltr'>Daemoniique</span> <span class='ocrx_word' id='word_1_168' title='bbox 663 3420 728 3498; x_wconf 85' lang='lat' dir='ltr'>alii,</span> 
     </span>
     <span class='ocr_line' id='line_1_29' title="bbox 75 3518 1113 3609; baseline -0.001 -20"><span class='ocrx_word' id='word_1_169' title='bbox 75 3525 246 3609; x_wconf 84' lang='lat' dir='ltr'>Quotquot</span> <span class='ocrx_word' id='word_1_170' title='bbox 260 3532 294 3588; x_wconf 86' lang='lat' dir='ltr'>et</span> <span class='ocrx_word' id='word_1_171' title='bbox 307 3522 382 3587; x_wconf 91' lang='lat' dir='ltr'>hinc</span> <span class='ocrx_word' id='word_1_172' title='bbox 395 3520 538 3586; x_wconf 88' lang='lat' dir='ltr'>homines</span> <span class='ocrx_word' id='word_1_173' title='bbox 553 3520 653 3585; x_wconf 90' lang='lat' dir='ltr'>nostri</span> <span class='ocrx_word' id='word_1_174' title='bbox 667 3518 848 3585; x_wconf 89' lang='lat' dir='ltr'>moriuntur</span> <span class='ocrx_word' id='word_1_175' title='bbox 860 3520 901 3586; x_wconf 80' lang='lat' dir='ltr'>cd</span> <span class='ocrx_word' id='word_1_176' title='bbox 914 3519 1004 3587; x_wconf 87' lang='lat' dir='ltr'>illos:</span> <span class='ocrx_word' id='word_1_177' title='bbox 1071 3525 1113 3588; x_wconf 88' lang='grc'>90</span> 
     </span>
     <span class='ocr_line' id='line_1_30' title="bbox 117 3619 776 3708; baseline -0.011 -18"><span class='ocrx_word' id='word_1_178' title='bbox 117 3624 152 3689; x_wconf 92' lang='lat' dir='ltr'>N</span> <span class='ocrx_word' id='word_1_179' title='bbox 154 3647 189 3689; x_wconf 92' lang='lat' dir='ltr'>ec</span> <span class='ocrx_word' id='word_1_180' title='bbox 204 3645 314 3708; x_wconf 89' lang='lat' dir='ltr'>regum</span> <span class='ocrx_word' id='word_1_181' title='bbox 330 3621 416 3707; x_wconf 88' lang='lat' dir='ltr'>leges</span> <span class='ocrx_word' id='word_1_182' title='bbox 430 3620 464 3684; x_wconf 92' lang='lat' dir='ltr'>id</span> <span class='ocrx_word' id='word_1_183' title='bbox 479 3620 645 3706; x_wconf 90' lang='lat' dir='ltr'>prohibere</span> <span class='ocrx_word' id='word_1_184' title='bbox 659 3619 776 3684; x_wconf 83' lang='lat' dir='ltr'>valent</span> 
     </span>
     <span class='ocr_line' id='line_1_31' title="bbox 76 3718 827 3805; baseline -0.007 -16"><span class='ocrx_word' id='word_1_185' title='bbox 76 3724 124 3789; x_wconf 90' lang='lat' dir='ltr'>Hi</span> <span class='ocrx_word' id='word_1_186' title='bbox 139 3722 230 3789; x_wconf 90' lang='lat' dir='ltr'>nobis</span> <span class='ocrx_word' id='word_1_187' title='bbox 243 3722 360 3799; x_wconf 87' lang='lat' dir='ltr'>hostes,</span> <span class='ocrx_word' id='word_1_188' title='bbox 376 3720 409 3785; x_wconf 94' lang='lat' dir='ltr'>hi</span> <span class='ocrx_word' id='word_1_189' title='bbox 420 3743 478 3785; x_wconf 85' lang='lat' dir='ltr'>nos</span> <span class='ocrx_word' id='word_1_190' title='bbox 493 3720 667 3786; x_wconf 88' lang='lat' dir='ltr'>terroribus</span> <span class='ocrx_word' id='word_1_191' title='bbox 681 3718 827 3805; x_wconf 91' lang='lat' dir='ltr'>implent,</span> 
     </span>
     <span class='ocr_line' id='line_1_32' title="bbox 119 3817 767 3887; baseline -0.008 0"><span class='ocrx_word' id='word_1_192' title='bbox 119 3823 270 3887; x_wconf 85' lang='lat' dir='ltr'>Defessos</span> <span class='ocrx_word' id='word_1_193' title='bbox 285 3821 406 3885; x_wconf 89' lang='lat' dir='ltr'>animos</span> <span class='ocrx_word' id='word_1_194' title='bbox 420 3842 479 3885; x_wconf 90' lang='lat' dir='ltr'>uec</span> <span class='ocrx_word' id='word_1_195' title='bbox 493 3819 633 3885; x_wconf 83' lang='lat' dir='ltr'>relevare</span> <span class='ocrx_word' id='word_1_196' title='bbox 648 3817 767 3883; x_wconf 74' lang='lat' dir='ltr'>sinunt,</span> 
     </span>
     <span class='ocr_line' id='line_1_33' title="bbox 77 3917 837 4004; baseline -0.007 -19"><span class='ocrx_word' id='word_1_197' title='bbox 77 3921 241 3986; x_wconf 83' lang='lat' dir='ltr'>Invadunt</span> <span class='ocrx_word' id='word_1_198' title='bbox 255 3919 398 3984; x_wconf 88' lang='lat' dir='ltr'>homiues</span> <span class='ocrx_word' id='word_1_199' title='bbox 412 3929 508 3983; x_wconf 91' lang='lat' dir='ltr'>noctu</span> <span class='ocrx_word' id='word_1_200' title='bbox 524 3940 699 4002; x_wconf 89' lang='lat' dir='ltr'>somnoque</span> <span class='ocrx_word' id='word_1_201' title='bbox 713 3917 837 4004; x_wconf 86' lang='lat' dir='ltr'>ligatos,</span> 
     </span>
     <span class='ocr_line' id='line_1_34' title="bbox 121 4018 834 4104; baseline -0.003 -21"><span class='ocrx_word' id='word_1_202' title='bbox 121 4020 290 4084; x_wconf 83' lang='lat' dir='ltr'>Terribiles</span> <span class='ocrx_word' id='word_1_203' title='bbox 305 4018 414 4095; x_wconf 90' lang='lat' dir='ltr'>oculis,</span> <span class='ocrx_word' id='word_1_204' title='bbox 430 4018 603 4104; x_wconf 84' lang='lat' dir='ltr'>unguibus,</span> <span class='ocrx_word' id='word_1_205' title='bbox 618 4028 716 4102; x_wconf 86' lang='lat' dir='ltr'>atque</span> <span class='ocrx_word' id='word_1_206' title='bbox 731 4018 834 4082; x_wconf 91' lang='lat' dir='ltr'>minis.</span> 
     </span>
     <span class='ocr_line' id='line_1_35' title="bbox 80 4116 848 4202; baseline -0.001 -19"><span class='ocrx_word' id='word_1_207' title='bbox 80 4119 236 4182; x_wconf 88' lang='lat' dir='ltr'>Attamen</span> <span class='ocrx_word' id='word_1_208' title='bbox 248 4116 288 4180; x_wconf 90' lang='lat' dir='ltr'>ad</span> <span class='ocrx_word' id='word_1_209' title='bbox 299 4117 413 4194; x_wconf 91' lang='lat' dir='ltr'>lucem,</span> <span class='ocrx_word' id='word_1_210' title='bbox 428 4117 568 4202; x_wconf 84' lang='lat' dir='ltr'>percussi</span> <span class='ocrx_word' id='word_1_211' title='bbox 583 4117 719 4201; x_wconf 90' lang='lat' dir='ltr'>pectoris</span> <span class='ocrx_word' id='word_1_212' title='bbox 734 4139 848 4202; x_wconf 86' lang='lat' dir='ltr'>agmen</span> 
     </span>
     <span class='ocr_line' id='line_1_36' title="bbox 124 4214 774 4301; baseline -0.005 -19"><span class='ocrx_word' id='word_1_213' title='bbox 124 4215 328 4300; x_wconf 85' lang='lat' dir='ltr'>Spectrorum</span> <span class='ocrx_word' id='word_1_214' title='bbox 343 4216 446 4279; x_wconf 83' lang='lat' dir='ltr'>ventis</span> <span class='ocrx_word' id='word_1_215' title='bbox 462 4238 561 4300; x_wconf 90' lang='lat' dir='ltr'>ocyus</span> <span class='ocrx_word' id='word_1_216' title='bbox 575 4238 668 4280; x_wconf 91' lang='lat' dir='ltr'>omne</span> <span class='ocrx_word' id='word_1_217' title='bbox 680 4214 774 4301; x_wconf 84' lang='lat' dir='ltr'>fugit.</span> 
     </span>
     <span class='ocr_line' id='line_1_37' title="bbox 82 4312 1125 4398; baseline -0.004 -17"><span class='ocrx_word' id='word_1_218' title='bbox 82 4314 145 4381; x_wconf 88' lang='lat' dir='ltr'>Sed</span> <span class='ocrx_word' id='word_1_219' title='bbox 161 4313 309 4398; x_wconf 90' lang='lat' dir='ltr'>quoniam</span> <span class='ocrx_word' id='word_1_220' title='bbox 325 4317 486 4380; x_wconf 88' lang='lat' dir='ltr'>metuebat</span> <span class='ocrx_word' id='word_1_221' title='bbox 500 4317 540 4379; x_wconf 86' lang='lat' dir='ltr'>ab</span> <span class='ocrx_word' id='word_1_222' title='bbox 555 4314 604 4379; x_wconf 87' lang='lat' dir='ltr'>bis</span> <span class='ocrx_word' id='word_1_223' title='bbox 617 4314 703 4398; x_wconf 89' lang='lat' dir='ltr'>quod</span> <span class='ocrx_word' id='word_1_224' title='bbox 717 4324 786 4379; x_wconf 88' lang='lat' dir='ltr'>erat</span> <span class='ocrx_word' id='word_1_225' title='bbox 800 4312 1016 4390; x_wconf 89' lang='lat' dir='ltr'>metuendum,</span> <span class='ocrx_word' id='word_1_226' title='bbox 1124 4352 1125 4356; x_wconf 63' lang='lat'><em>=</em></span> 
     </span>
     <span class='ocr_line' id='line_1_38' title="bbox 123 4412 788 4499; baseline -0.003 -21"><span class='ocrx_word' id='word_1_227' title='bbox 123 4414 168 4478; x_wconf 85' lang='lat' dir='ltr'>Et</span> <span class='ocrx_word' id='word_1_228' title='bbox 182 4415 328 4499; x_wconf 83' lang='lat' dir='ltr'>sperabat</span> <span class='ocrx_word' id='word_1_229' title='bbox 342 4415 381 4477; x_wconf 86' lang='lat' dir='ltr'>ab</span> <span class='ocrx_word' id='word_1_230' title='bbox 396 4413 445 4477; x_wconf 88' lang='lat' dir='ltr'>his</span> <span class='ocrx_word' id='word_1_231' title='bbox 460 4414 574 4489; x_wconf 88' lang='lat' dir='ltr'>omnia,</span> <span class='ocrx_word' id='word_1_232' title='bbox 590 4415 686 4478; x_wconf 85' lang='lat' dir='ltr'>turba</span> <span class='ocrx_word' id='word_1_233' title='bbox 700 4412 788 4488; x_wconf 89' lang='lat' dir='ltr'>levis,</span> 
     </span>
    </p>
   </div>
   <div class='ocr_carea' id='block_1_3' title="bbox 445 4599 764 4668">
    <p class='ocr_par' dir='ltr' id='par_1_3' title="bbox 445 4599 764 4668">
     <span class='ocr_line' id='line_1_39' title="bbox 445 4599 764 4668; baseline 0.016 -21"><span class='ocrx_word' id='word_1_234' title='bbox 445 4601 451 4629; x_wconf 88' lang='lat'><strong>¹</strong></span> <span class='ocrx_word' id='word_1_235' title='bbox 471 4599 550 4668; x_wconf 81' lang='lat' dir='ltr'>[vide</span> <span class='ocrx_word' id='word_1_236' title='bbox 563 4599 764 4666; x_wconf 67' lang='lat' dir='ltr'>Grossaurusr]</span> 
     </span>
    </p>
   </div>
   <div class='ocr_carea' id='block_1_4' title="bbox 0 0 1346 5136">
    <p class='ocr_par' dir='ltr' id='par_1_4' title="bbox 0 0 1346 5136">
     <span class='ocr_line' id='line_1_40' title="bbox 0 0 1346 5136; baseline 0 0"><span class='ocrx_word' id='word_1_237' title='bbox 0 0 1346 5136; x_wconf 95' lang='lat' dir='ltr'> </span> 
     </span>
    </p>
   </div>
  </div>
 </body>
</html>
